2346 3840
110 159 152 224 36
388 164 550 220 PHAEDRI
570 165 795 222 FABVLARVM

152 313 215 374 Hoo
229 314 290 375 illis
305 313 417 375 dictum
432 321 477 375 est
482 336 493 384 ;
507 315 560 394 qui
574 314 703 393 stultitia
713 323 857 378 nauseant
1038 328 1073 380 2³»

110 396 162 467 Et,
177 405 211 458 ut
224 404 366 477 putentur
381 406 501 478 sapere,
517 398 632 473 caelum
646 401 826 478 vituperant.

443 583 635 644 FABVLA
656 584 741 643 VIII.

131 711 132 715 ¹
218 696 408 748 snmus
425 698 485 748 AD
502 697 681 748 FABRVM
697 698 964 754 mmm.

151 816 367 877 Mordaciorem
381 818 433 895 qui
448 815 574 895 inprobo
591 817 678 879 dente
695 817 817 896 adpetit,

109 899 172 961 Hoc
187 906 360 977 argumento
375 918 407 961 so
423 900 554 961 describi
568 903 687 962 sentiat.

151 984 185 1044 In
200 983 348 1045 officinam
362 983 440 1044 labri
455 986 536 1044 venit
552 986 665 1062 vipera.

109 1067 189 1128 Haec
204 1084 271 1127 oum
286 1073 459 1146 temptaret,
476 1069 560 1148 siqua
575 1086 625 1129 res
640 1075 719 1130 esset
734 1069 810 1140 cibo,

108 1150 223 1212 Limam
238 1151 406 1212 momordit.
435 1151 488 1212 illa
503 1158 606 1213 contra
620 1160 792 1214 contumax:

108 1232 186 1304 Quid
201 1253 264 1305 me,
280 1236 391 1314 inquit,
408 1235 510 1308 stulta,
527 1235 616 1296 dente
632 1243 733 1314 captas
747 1236 876 1309 laedere,

108 1317 202 1379 Omne
217 1318 338 1380 adsuevi
352 1319 466 1379 ferrum
482 1336 557 1398 quae
572 1318 755 1380 conroderei

458 1503 650 1565 FABVLA
671 1506 724 1566 IX.

353 1617 542 1670 vvnPns
567 1619 626 1670 ET
653 1619 820 1674 cAPmR.

149 1737 244 1798 Homo
259 1739 290 1798 11
305 1737 450 1816 periclum
466 1736 553 1798 simul
568 1755 602 1797 ac
617 1739 697 1798 venit
712 1739 844 1810 callidus,

108 1819 252 1900 Reperire
267 1820 409 1897 effugium
423 1822 541 1900 quaerit
556 1820 679 1881 alterius
692 1821 779 1883 malo.
800 1824 803 1829 ’

151 1906 224 1967 Cum
238 1904 399 1967 decidisset
412 1903 515 1984 vulpes
529 1905 561 1965 ln
575 1911 699 1985 puteum
713 1907 809 1967 inscia

108 1989 146 2050 Et
160 1988 265 2050 altiore
282 1988 470 2050 clauderetur
484 1991 628 2066 margine,

107 2073 233 2134 Devenit
247 2073 349 2133 hircus
363 2073 467 2134 sitiens
481 2074 511 2132 in
526 2074 652 2134 eundem
666 2074 780 2145 locum:

108 2155 203 2218 Simul
217 2158 347 2233 rogavit,
363 2163 440 2217 esset
456 2174 494 2216 an
509 2155 604 2217 dulcis
619 2155 717 2235 liquor

107 2240 145 2302 Et
160 2238 317 2319 copiosus?
344 2238 398 2300 llla
412 2238 547 2300 fraudem
562 2240 703 2300 moliens:

107 2323 276 2394 Descende,
293 2325 403 2394 amite;
419 2330 499 2384 tanta
514 2322 631 2385 bouitas
646 2330 693 2384 est
707 2342 810 2404 aquae¹

107 2406 249 2487 Voluptas
263 2414 296 2468 ut
310 2409 412 2469 satiari
427 2426 487 2468 non
501 2410 596 2487 possit
610 2426 686 2470 mea.

107 2489 225 2552 Inmisit
238 2509 270 2551 se
287 2490 440 2552 barbatus.
470 2492 546 2551 Tum
561 2491 715 2570 vulpecula

1 2633 3 2639 ,
107 2574 209 2635 Evasit
222 2581 326 2653 puteo,
342 2577 412 2636 nixa
426 2574 515 2635 celsis
529 2574 681 2645 cornibus,

107 2657 290 2738 Hircumque
306 2658 407 2720 clauso
422 2658 510 2739 liquit
524 2659 697 2721 haerentem
712 2661 796 2723 vado.

464 2844 655 2904 FABVLA
676 2845 712 2905 X.

327 2957 389 3009 DE
415 2958 570 3010 V1u11s
596 2959 843 3015 loommin.

148 3077 239 3139 Peras
254 3079 387 3158 inposuit
401 3077 535 3157 luppiter
549 3078 637 3140 nobis
653 3078 740 3141 duas:

106 3160 241 3241 Propriis
254 3161 399 3241 repletam
413 3164 496 3224 vitiis
511 3171 579 3243 post
593 3169 710 3240 tergum
724 3163 815 3234 dedit,

106 3245 217 3306 Alienis
232 3254 300 3307 ante
315 3253 418 3325 pectus
433 3246 588 3327 suspendit
602 3263 730 3324 gravem.

148 3329 210 3390 Hac
225 3347 258 3389 re
272 3330 374 3392 videro
389 3337 491 3393 nostra
505 3331 583 3392 mala
597 3349 656 3392 nou
671 3349 843 3410 possumus:

92 3411 161 3468 Alii
170 3413 266 3472 simul
279 3413 472 3496 delinquunt,
489 3433 627 3478 censores
642 3433 755 3478 sumus.
