2346 3840
145 183 189 250 26
360 149 366 156 ’
425 187 588 246 emnem
606 189 831 247 neemiam

147 339 214 401 Non
228 340 385 401 evertisset
398 340 511 401 scelere
525 340 644 401 lunesto
659 339 787 401 domum.
1076 347 1114 400 to

190 423 239 485 Nil
254 431 375 504 spernat
389 426 520 495 animus,
535 442 592 485 nec
606 430 705 485 tamen
721 425 823 484 credat
837 425 946 486 statim.

146 506 392 588 Quandoquidem
408 515 438 568 et
451 509 496 568 illi
510 515 650 588 peccant,
665 526 741 588 quos
752 510 877 569 minime
891 514 989 589 putes,
1086 548 1088 552 -

147 591 185 653 Et
199 594 251 671 qui
266 610 326 653 non
340 599 479 672 peccant,
495 594 697 671 inpugnantur
711 591 878 654 fraudibus.

189 676 252 737 Hoc
266 677 426 736 admonere
442 676 592 756 simplices
606 679 696 738 etiam
709 684 817 756 potest,

145 759 295 840 Opinione
311 759 434 822 alterius
448 760 559 840 nequid
573 761 753 840 ponderent:

146 844 277 906 Ambitio
291 862 418 924 namque
435 845 584 906 dissidens
598 845 770 907 mortalium

146 929 204 989 Aut
218 930 331 1007 gratiae
347 928 511 990 subscribit
524 935 575 990 aut
589 929 658 990 odio
673 947 736 990 suo.

145 1012 213 1073 Erit
227 1013 277 1074 ille
292 1020 393 1083 notus,
409 1031 498 1092 quem
512 1029 568 1092 per
582 1019 613 1074 te
628 1015 813 1090 cognoveris.

188 1097 268 1158 llaec
282 1103 440 1158 exsecutus
455 1115 521 1158 sum
533 1103 693 1176 propterea
708 1096 855 1177 pluribus,

146 1180 297 1242 brevitate
311 1182 404 1241 nimia
418 1183 560 1260 quoniam
574 1180 717 1261 quosdam
731 1181 917 1243 offendimus.

495 1331 689 1392 FABVLA
709 1331 762 1391 XI.

342 1429 577 1481 nvuvcflvs
594 1429 652 1481 AD
670 1429 909 1484 nucleum,

186 1516 349 1577 Eunuchus
362 1514 498 1595 litigabat
512 1532 582 1577 cum
596 1515 723 1595 quodam
737 1515 874 1594 inprobo,

144 1600 202 1671 Qui
217 1618 308 1679 super
322 1599 450 1661 obscena
465 1599 544 1661 dicta
559 1606 589 1660 et
603 1600 740 1679 petulans
753 1601 885 1677 iurgium

145 1685 289 1745 Damnum
304 1685 467 1745 insectatus
480 1690 526 1761 est
540 1685 642 1744 amissi
656 1682 785 1744 roboris.

144 1768 206 1848 En,
222 1770 277 1837 ait,
292 1767 350 1827 hoc
363 1785 456 1828 unum
471 1774 531 1836 est,
547 1784 602 1826 cur
615 1766 748 1827 laborem
763 1765 898 1838 validius,

144 1852 330 1930 Integritatis
342 1858 436 1912 testes
449 1853 520 1931 quia
534 1851 641 1912 desunt
654 1850 738 1911 mihi.

29 1987 36 2008 ,
144 1937 204 1997 Sed
218 1936 291 2016 quid
304 1937 457 2006 fortunae,
473 1935 577 2004 stulte,
593 1933 734 1996 delictum
750 1935 871 2013 arguisl

145 2021 178 2082 ld
194 2021 313 2082 demum
327 2027 374 2082 est
386 2020 500 2081 homini
513 2026 617 2098 turpe,
634 2019 714 2098 quod
728 2021 839 2080 meruit
851 2021 926 2098 pati·

459 2135 463 2144 ’
487 2170 678 2230 sununs
698 2170 767 2229 ΧΠ.

342 2267 509 2320 vas
525 2267 584 2318 AD
601 2267 904 2323 MARGARHAM.
931 2345 933 2351 Ι

185 2356 219 2417 ln
235 2353 411 2435 sterquilino
425 2353 525 2433 pullus
538 2353 719 2431 gallinaceus

143 2442 220 2503 llum
233 2441 353 2520 quaerit
366 2456 480 2508 escam,
496 2440 686 2516 margaritam
701 2440 845 2516 repperit.

143 2525 226 2586 laces
240 2524 364 2601 indigno
379 2529 488 2602 quanta
502 2539 552 2582 res
567 2524 679 2600 inquit,
694 2520 773 2581 loco!

142 2609 206 2669 Hoc
220 2609 315 2688 siquis
328 2606 419 2686 pretii
434 2605 559 2685 cupidus
572 2605 696 2666 vidisset
711 2607 764 2676 tui,

143 2692 221 2754 Olim
237 2691 367 2753 redisses
381 2690 417 2752 ad
432 2689 620 2768 splendorem
635 2691 805 2768 pristinum.

142 2777 205 2854 Ego
220 2777 299 2857 quod
314 2783 344 2836 te
359 2776 475 2844 inveni,
491 2774 589 2853 potior
603 2775 651 2834 cui
666 2774 758 2834 multo
774 2779 819 2834 est
833 2773 929 2845 cibus,

142 2860 205 2921 Nec
219 2860 276 2922 tibi
290 2858 432 2939 prodesse
446 2874 503 2919 nec
517 2857 592 2917 mibi
606 2859 766 2935 quicquam
780 2865 888 2936 potest.

185 2944 247 3006 Hoc
261 2944 321 3005 illis
335 2958 439 3011 narro,
455 2941 508 3019 qui
523 2957 645 3000 menon
660 2939 847 3019 intellegunt.

476 3091 666 3153 FABVLA
687 3093 770 3153 XHI.

309 3192 416 3246 APns
432 3191 488 3244 ET
506 3191 607 3244 FVOI
623 3190 763 3242 vnsPA
779 3189 937 3246 1vn101a.

183 3281 262 3359 Apes
274 3279 308 3339 in
322 3278 380 3339 alta
393 3279 528 3338 lecerunt
542 3293 656 3357 quercu
669 3276 763 3337 favos:

141 3364 201 3426 llos
216 3364 278 3425 luci
292 3363 405 3423 inertes
420 3380 485 3422 esse
501 3361 640 3425 dicebaut
654 3377 732 3421 suos.

141 3448 191 3509 Lis
206 3448 243 3508 ad
256 3447 354 3508 lorum
369 3445 495 3507 deducta
510 3452 568 3515 est,
584 3461 674 3524 vespa
688 3445 798 3507 iudice.
