2346 3840
495 205 603 263 LIBER
623 207 672 264 111.

434 374 744 435 FABVLA'XVII.

193 526 198 533 ,
259 470 456 524 monus
473 471 523 523 m
539 470 722 523 DEORVM
738 473 917 528 OE'VTEM.

146 556 239 627 Olim,
256 575 330 637 quas
344 557 453 618 vellent
467 575 532 618 esse
548 560 580 617 in
595 557 687 618 tutela
702 575 764 628 sua,

103 642 170 702 ltivi
186 642 325 719 legerunt
340 640 472 702 arbores.
504 639 638 711 Quercus
652 641 715 701 lovi

102 725 141 786 Ει
155 733 270 805 myrtus
284 726 395 786 Veneri
410 725 538 803 placuit,
554 724 675 786 Phoebo
689 725 801 796 laurea,

103 809 196 870 Pinus
211 808 508 889 Cybebao,populus
522 809 601 869 celsa
616 808 749 869 Herculi.

103 893 235 955 Minerva
251 893 415 963 admirans,
432 909 524 972 quare
540 893 658 953 steriles
672 899 835 961 sumerent,
1052 904 1069 957 5

102 977 311 1056 Interrogavit.
342 977 467 1039 Causam
483 977 560 1038 dixit
571 977 722 1056 luppiter:

102 1061 253 1126 Honorem
266 1061 367 1122 fructu
381 1079 419 1121 ne
434 1061 588 1122 videamur
602 1061 742 1122 vendere.

102 1152 155 1216 at,
171 1144 373 1216 mehercules,
389 1143 524 1206 narrabit
538 1145 618 1223 quod
632 1147 700 1224 quis
713 1145 851 1217 voluerit,

103 1229 187 1291 Oliva
201 1228 291 1291 nobis
304 1235 432 1309 propter.
442 1229 571 1289 fructum
588 1236 635 1289 est
648 1231 772 1306 gratior.

102 1313 189 1374 'l'unc
203 1316 246 1375 sic
262 1313 385 1374 deorum
401 1315 520 1391 genitor
535 1320 623 1392 atque
638 1312 792 1373 hominum
809 1322 902 1374 sator:
1036 1322 1070 1376 le

103 1398 128 1460 0
144 1406 228 1468 nata,
244 1399 352 1457 merito
368 1399 489 1476 sapiens
503 1398 605 1458 dicere
620 1395 774 1458 omnihus!
956 1415 958 1419 ¹

103 1481 169 1543 Nisi
183 1481 256 1543 utile
271 1480 410 1560 estquod
424 1482 565 1551 iacimus,
581 1480 671 1542 stulta
686 1488 733 1541 est
746 1480 850 1558 gloria.

83 1631 86 1634 ,
146 1565 228 1626 Nihil
244 1582 333 1643 agero
349 1565 427 1644 quod
442 1582 503 1625 non
517 1566 614 1643 prosit
627 1562 736 1625 fabella
752 1563 900 1628 admonet.

423 1700 616 1761 FABVLA
636 1699 749 1760 XVIII.

220 1798 337 1850 Pavo
353 1799 412 1849 AD
429 1797 634 1849 mrem
649 1797 708 1849 DE
725 1797 838 1850 VOOE
858 1797 950 1852 SVA.

145 1884 223 1945 Pavo
238 1885 275 1944 ad
289 1884 433 1944 lunonem
446 1886 529 1945 venit
542 1883 665 1962 indigne
680 1883 791 1954 serene,

104 1968 214 2029 Cantus
228 1968 348 2029 luscinii
363 1967 442 2047 quod
456 1966 515 2028 sibi
530 1985 591 2027 non
606 1967 764 2038 tribuerit;

104 2052 190 2113 lllum
206 2070 270 2114 esse
286 2053 402 2112 cunctis
414 2049 520 2111 aribus
534 2049 750 2121 admirabilem,

105 2135 143 2196 Se
157 2135 304 2206 derideri,
321 2135 409 2196 simul
425 2153 460 2196 ac
473 2152 576 2195 vocem
590 2136 718 2195 miserit.

104 2218 189 2280 'l'unc
204 2219 373 2281 consolandi
389 2223 490 2298 gratia
501 2220 577 2281 dixit
591 2220 660 2281 dea:

105 2302 164 2364 Sed
179 2303 274 2364 forma
289 2305 400 2373 vincis,
416 2306 512 2364 vincis
527 2303 747 2382 magnitudine:

105 2387 192 2450 Nitor
207 2386 355 2465 smaragdi
371 2387 446 2448 collo
460 2388 629 2466 praefulget
643 2395 695 2447 tuo

105 2470 256 2550 Pictisque
270 2472 379 2551 plumis
392 2487 559 2548 gemmeam
574 2469 698 2530 caudam
713 2472 853 2551 explicas.

104 2552 168 2623 Quo
183 2557 240 2625 mi,
256 2558 367 2634 inquit,
383 2561 495 2617 mutam
510 2557 656 2636 speciem,
673 2556 698 2614 si
713 2557 816 2616 vincor
830 2557 922 2616 sono?

105 2637 247 2699 Fatorum
262 2638 387 2699 arbitrio
402 2646 504 2718 partes
518 2646 588 2699 sunt
601 2637 685 2698 vobis
700 2638 800 2699 datae:
1033 2646 1067 2699 10

104 2716 177 2781 'llbi
191 2721 300 2791 forma,
316 2724 395 2782 vires
410 2721 541 2802 aquilae,
556 2722 684 2782 luscinio
697 2721 801 2792 melos,
885 2727 888 2732 '

104 2806 269 2882 Augurium
284 2818 387 2874 corvo,
403 2806 485 2867 laeva
501 2808 615 2867 cornici
630 2808 738 2877 omina,

105 2888 274 2968 Omnesque
289 2891 420 2968 propriis
434 2897 503 2952 sunt
517 2897 672 2952 contentae
687 2890 817 2953 dotibus.

146 2971 213 3033 Noli
229 2971 379 3033 adfectare
394 2974 474 3052 quod
488 2973 545 3034 tibi
560 2993 618 3035 non
635 2982 680 3036 est
695 2976 804 3044 datum,

104 3054 212 3117 Delusa
226 3074 264 3117 ne
279 3073 348 3135 spes
363 3054 400 3117 ad
414 3056 566 3135 querelam
580 3059 703 3120 recidat.
723 3103 725 3107 -

438 3172 631 3253 riarde
651 3193 731 3254 xrx.
839 3218 842 3225 .

242 3289 431 3344 samsom
447 3289 699 3343 Rmsl’ocmnrr
717 3290 930 3349 GARRVLO.

147 3376 280 3455 Aesopus
295 3376 415 3438 domino
429 3377 509 3438 solus
523 3394 591 3438 cum
606 3384 685 3453 esset
698 3376 822 3450 familia,

105 3456 216 3520 Parare
232 3477 336 3522 cenam
351 3462 451 3524 iussus
466 3469 512 3523 est
526 3460 684 3524 maturius.
