2346 3840
100 199 144 265 64
274 204 436 260 PHAEDRI
456 201 681 259 FABVLARVM
701 199 893 259 APPENDIX.

101 355 172 416 Arte
187 355 268 414 omni
283 355 425 432 princeps
440 355 519 416 inter
534 352 672 431 aequales
687 352 741 412 fui.

59 434 63 441 ’
101 438 146 498 lln
162 438 283 498 cuncta!
304 437 409 498 levitas
423 439 520 515 putris
536 443 566 496 et
579 436 670 495 volito
686 434 776 497 ciuis!

102 522 148 581 'lu
162 523 213 600 qui
228 522 313 581 fuisti
327 520 424 581 mulus
439 520 621 589 clitellarius

101 604 322 684 Quemcumque
337 605 434 665 visum
449 613 494 665 est
507 604 602 664 laedis
616 603 707 663 infixo
722 602 834 666 aculeo.

101 690 140 750 At
153 706 243 767 vespa
259 688 377 765 dignam
391 687 526 748 moribus
541 704 642 747 vocem
658 687 767 747 edidit:

102 771 168 832 Non
183 774 234 852 qui
249 773 410 842 fuerimus,
427 772 479 832 sed
493 772 545 851 qui
560 789 639 831 nunc
653 772 759 840 simus,
776 769 854 830 vide.

432 956 622 1017 FABVLA
644 956 735 1015 XXX.

263 1060 591 1113 'I'ERRANEOLA
616 1061 676 1112 ΕΤ
702 1059 906 1113 vvm'ms,

303 1157 401 1213 Pravis
417 1175 474 1212 non
492 1174 551 1214 esse
568 1158 653 1212 fidem
671 1156 868 1212 adhibendam.

145 1265 227 1334 Avis,
245 1283 332 1344 quam
347 1264 450 1324 dicunt
464 1264 662 1324 terraneolam
677 1263 791 1332 rustici,

103 1349 136 1408 ln
151 1354 231 1407 terra
246 1348 350 1408 nidum
365 1350 435 1427 quia
453 1349 593 1427 conponit
607 1347 731 1417 scilicet,

48 1443 52 1450 ·
104 1431 193 1491 Forte
209 1432 379 1492 occucurrit
392 1430 537 1510 inprobae
553 1429 745 1510 vulpeculae;

102 1513 166 1584 Qua
181 1517 257 1586 risa,
274 1517 381 1594 pennis
396 1516 485 1576 altius
500 1534 532 1575 se
548 1515 676 1575 sustulit.

103 1598 203 1670 Salve,
220 1601 319 1678 inquit
333 1598 398 1668 illa,
416 1617 469 1659 cur
484 1616 531 1659 me
546 1600 665 1676 fugisti,
681 1597 824 1659 obsecro?

102 1680 193 1751 Quasi
208 1701 267 1743 non
282 1681 399 1743 abunde
415 1685 454 1743 sit
468 1683 542 1742 mihi
557 1685 588 1742 in
603 1689 688 1761 prato
704 1680 801 1752 cibus,

103 1765 207 1835 Grilli,
224 1765 391 1835 scarabaei,
406 1766 587 1826 locustarum
602 1766 701 1843 copia:

6 1873 8 1877 ’
103 1848 185 1910 Nihil
201 1854 260 1919 est,
276 1849 355 1928 quod
369 1856 498 1920 metuas,
515 1866 570 1927 ego
584 1856 614 1909 te
630 1848 755 1911 multum
770 1849 863 1927 diligo

102 1933 231 2012 Propter
245 1935 364 2012 quietos
378 1951 477 1995 mores
492 1940 522 1994 et
536 1935 626 1994 vitam
641 1933 777 2013 probam.

103 2017 268 2096 Respondit
283 2024 400 2078 contra:
431 2016 476 2077 Tu
490 2018 610 2096 quidem
626 2017 702 2077 bene
717 2018 886 2097 praedicam

103 2100 138 2161 ln
153 2119 257 2180 campo
272 2118 331 2161 non
348 2119 428 2170 sum,
445 2101 498 2161 sed
512 2101 568 2161 sub
584 2101 648 2171 dio,
663 2119 718 2181 par
733 2101 799 2164 tibi.

104 2183 181 2253 Quin
197 2202 337 2264 sequere;
353 2183 409 2243 tibi
425 2184 549 2244 salutem
565 2187 718 2246 committo
732 2203 839 2247 meam.

413 2366 752 2420 EPILOGVS.

146 2475 209 2536 Hoc
223 2476 438 2555 qualecumque
455 2484 499 2537 est
514 2476 595 2537 llusa
610 2477 688 2556 quod
703 2478 779 2538 ludit
793 2494 870 2548 mea,

104 2558 243 2638 Nequitia
257 2562 372 2639 pariter
385 2561 486 2621 laudat
500 2566 531 2619 et
545 2561 709 2638 frugalitas,

104 2643 163 2702 Sed
177 2643 251 2703 baec
265 2644 458 2729 simpliciter;
474 2642 523 2705 illa
538 2646 628 2705 tacite
643 2646 793 2706 irascitur.
