2346 3840
403 209 563 263 PHAEDRI
583 209 806 265 FABVLARVM

485 358 676 418 FABVLA
697 360 722 418 I.

257 455 451 506 1vvmmcv
453 457 488 518 S,
506 457 588 508 mo
604 456 660 506 ΕΤ
676 456 945 510 PRAEDATOR.

167 541 263 619 Super
279 543 436 601 iuvencum
451 541 548 602 stabat
563 541 710 602 deiectum
724 542 781 602 leo.
857 559 859 562 ’

124 624 285 685 Praedator
301 627 462 685 intervenit
475 633 590 704 partem
605 625 769 703 postulans,

124 707 248 778 Darem,
264 710 377 786 inquit,
393 710 453 768 nisi
468 708 581 769 soleres
594 727 650 788 per
664 718 693 769 te
709 726 843 769 sumere:

125 792 163 852 Et
177 791 337 871 inprobum
351 793 467 852 reiecit.
496 791 586 853 Forte
600 795 740 853 innoxius

124 877 225 937 Viator
241 885 287 938 est
302 876 446 937 deductus
461 879 493 936 in
508 876 636 937 eundern
649 878 747 938 locum

125 959 261 1039 Feroque
276 963 339 1020 riso
354 960 457 1021 retulit
471 968 554 1020 retro
567 959 684 1040 pedem.

125 1044 179 1103 Cui
193 1044 326 1121 placidus
342 1043 406 1103 ille:
436 1043 502 1103 Non
517 1044 656 1123 estquod
672 1046 791 1111 timeas,
809 1044 865 1114 ait;

123 1126 175 1193 Et,
192 1144 266 1205 quae
283 1125 408 1187 debetur
422 1145 491 1204 pars
505 1135 573 1188 tuae
588 1128 769 1198 modestiae,

124 1209 271 1270 Audacter
286 1209 367 1270 tolle.
397 1210 480 1270 Tunc
496 1212 591 1272 diviso
606 1219 726 1289 tergore

125 1290 219 1353 Silvas
233 1293 352 1372 petivit,
368 1293 482 1355 homini
497 1303 696 1356 nt·accessum
711 1296 805 1356 daret.
1053 1303 1089 1356 10

166 1376 341 1456 Exemplum
356 1379 509 1454 egregium
523 1396 646 1457 prorsus
661 1387 691 1439 et
705 1379 870 1450 laudabile:

124 1459 233 1521 Verum
248 1467 294 1521 est
308 1461 431 1522 aviditas
446 1461 528 1523 dives
543 1469 573 1522 et
588 1481 701 1542 pauper
715 1463 820 1542 pudor.

476 1614 666 1673 FABVLA
691 1616 732 1674 H.

85 1648 114 1699 ⁰
157 1709 272 1760 Amvs
288 1710 492 1761 omonimo
509 1694 725 1773 Nummum,
743 1711 850 1762 mum
867 1710 1050 1764 Pvnnnn.

166 1796 190 1855 A
204 1796 325 1856 feminis
339 1801 499 1875 utcumque
514 1796 635 1875 spoliari
650 1798 740 1865 viros

124 1879 244 1948 Ament,
261 1885 410 1949 ornentur,
427 1898 533 1958 nempe
549 1879 695 1958 exemplis
711 1879 862 1940 discimus.

165 1963 279 2022 Aetatis
293 1963 408 2024 mediae
424 1964 571 2042 quendam
586 1964 695 2024 mulier
709 1981 768 2023 non
785 1964 869 2024 rudis

124 2045 260 2107 Tenebat
273 2065 365 2108 annos
380 2047 479 2108 celans
495 2049 651 2129 elegantia,

123 2132 303 2209 Animosque
319 2131 453 2191 eiusdem
467 2131 590 2210 pulchra
605 2132 722 2191 iuvenis
737 2138 867 2209 ceperat.
1068 2140 1087 2192 5

124 2213 248 2284 Ambae,
265 2214 359 2273 videri
374 2214 445 2273 dum
460 2213 562 2273 volunt
576 2213 619 2274 illi
633 2231 731 2293 pares,

124 2298 250 2376 Capillos
265 2297 380 2356 homini
395 2297 495 2374 legere
510 2313 636 2376 coepere
651 2299 788 2358 invicem.

123 2380 180 2449 Qui
194 2399 227 2442 se
241 2387 362 2460 putaret
375 2381 447 2458 fingi
462 2397 533 2441 cura
549 2381 717 2451 mulierum,

123 2465 227 2526 Calvus
240 2471 364 2543 repente
379 2466 476 2527 lactus
492 2471 553 2536 est;
569 2483 637 2526 narn
651 2466 787 2526 funditus

123 2549 215 2610 Canos
230 2548 343 2628 puella,
359 2551 461 2626 nigros
477 2566 551 2608 anus
566 2549 715 2608 evelleret.

465 2700 656 2762 FABVLA
678 2701 733 2760 ΙΠ.

201 2797 391 2849 ΑΕΒΟΡἾΒ
408 2799 468 2849 AD
486 2798 698 2855 QVENDAM
714 2798 771 2848 DE
789 2797 998 2851 SVOGESSV

453 2864 747 2917 mPRoBORVM.

162 2949 323 3010 Laceratus
337 2949 459 3028 quidam
472 2968 576 3010 morsu
590 2952 775 3012 vehementis
790 2955 872 3015 canis

121 3031 260 3093 Tinctum
274 3051 382 3093 cruore
397 3051 504 3112 panem
519 3034 600 3095 misit
614 3036 757 3105 malelico,

120 3117 263 3177 Audierat
278 3135 343 3177 esse
359 3119 437 3197 quod
451 3119 616 3180 remedium
629 3120 773 3180 vulneris.

120 3200 202 3260 Tunc
218 3202 262 3260 sic
277 3201 423 3280 Aesopus:
447 3202 515 3264 Noli
529 3221 629 3263 coram
644 3202 782 3281 pluribus

119 3284 181 3344 Hoc
196 3284 295 3344 iacere
311 3284 447 3356 canibus,
462 3301 502 3346 ne
517 3305 571 3348 nos
585 3288 668 3346 vivos
683 3286 834 3357 devorent,
1064 3300 1085 3351 5

120 3368 193 3429 Cum
208 3369 334 3429 scierint
348 3387 413 3429 esse
429 3371 487 3430 tale
504 3371 607 3449 culpae
622 3373 798 3448 praemium.

162 3451 322 3515 Successus
336 3452 533 3533 inproborum
546 3455 647 3534 plures
662 3453 775 3516 adlicit.
