2346 3840
103 205 142 268 12
379 191 541 268 nunnoni
560 213 783 295 rnovnnnvu

143 359 287 440 Vulpinos
302 361 416 421 catulos
430 360 528 439 aquila
543 362 691 440 quondam
706 362 825 422 sustulit

102 443 237 523 Nidoque
252 447 356 522 posuit·
366 445 470 523 pullis,
488 463 587 504 escam
602 453 633 504 ut
649 453 816 524 carperent.

102 527 185 587 Hanc
199 536 357 606 persecuta
371 536 466 588 mater
482 546 568 588 orare
583 530 698 607 incipit,

103 611 146 672 Ne
160 619 276 671 tantum
290 614 416 672 miserae
430 612 543 672 luctum
556 615 722 690 inportaret
738 611 807 672 sibi.

103 695 287 773 Contempsit
301 695 365 763 illa,
382 703 445 756 tuta
459 697 568 774 quippe
583 699 648 774 ipso
662 696 737 756 loco.

102 779 211 857 Vulpes
227 777 264 838 ab
279 796 329 839 ara
345 781 445 858 rapuit
460 780 615 839 ardentem
628 780 724 839 facem

103 862 264 941 Totamque
279 861 405 924 flammis
420 862 559 924 arborem
574 863 780 931 circumdedit,

104 945 203 1006 Hostis
217 945 350 1006 dolorem
364 947 470 1008 damno
485 949 614 1006 miscens
633 950 793 1023 sanguinis

102 1030 206 1108 Aquila
221 1037 255 1089 ut
268 1031 380 1108 periclo
395 1031 500 1090 mortis
515 1032 648 1107 eriperet
661 1049 730 1089 suos

101 1111 267 1173 incolumes
282 1121 367 1174 natos
382 1112 507 1192 supplex
521 1113 603 1191 vulpi
620 1113 750 1174 tradidit.

421 1264 617 1323 FABVLA
638 1264 745 1322 XXIX.

302 1360 456 1412 asmvs
473 1360 683 1411 INRIDENS
700 1361 862 1414 APRVM.

143 1448 320 1526 Plerumque
335 1447 419 1507 sttdti
433 1449 528 1507 risum
544 1448 614 1507 dum
629 1454 748 1526 captant
762 1447 865 1517 levem,

102 1531 190 1592 Gravi
207 1531 395 1607 destringrmt
409 1529 481 1592 alios
496 1530 675 1591 contumelia

101 1615 140 1675 Et
155 1614 213 1675 sihi
227 1617 365 1675 nocivum
381 1616 529 1675 concitant
544 1614 722 1693 periculum.

144 1698 261 1759 Asellus
276 1715 348 1776 apro
363 1715 430 1757 cum
444 1699 554 1758 iuisset
568 1697 688 1757 obvius:

103 1782 203 1850 Salve,
219 1783 331 1859 inquit,
346 1781 453 1841 irater,
482 1780 534 1841 llle
550 1781 708 1858 indignans
722 1782 860 1859 repudiat
1046 1787 1065 1840 o

103 1865 240 1926 Officium
256 1872 286 1924 et
300 1868 432 1942 quaerit,
448 1883 502 1925 cur
517 1867 560 1925 sic
575 1867 698 1925 mentiri
708 1865 792 1928 uelit.

102 1950 211 2008 Asinus
225 1947 354 2008 demisso
368 1966 460 2027 pene:
491 1947 626 2008 slmilem
642 1951 667 2009 si
682 1966 773 2026 negas

104 2030 173 2092 Tibi
188 2049 235 2092 me
251 2050 332 2100 esse,
348 2041 430 2093 certe
445 2033 543 2094 simile
558 2039 604 2092 est
618 2033 674 2092 hoc
689 2039 787 2092 rostro
801 2041 862 2092 tuo.

103 2117 195 2194 Aper,
213 2134 280 2175 cum
294 2115 382 2175 vellet
395 2117 495 2176 iacere
510 2133 688 2193 generosum
701 2118 845 2193 inpetum,

102 2199 258 2276 Repressit
271 2200 348 2257 iram
366 2207 410 2258 et:
440 2199 549 2259 Facilis
563 2198 694 2258 vindicta
708 2205 754 2258 est
768 2199 852 2266 mihi,
1031 2205 1067 2256 10

103 2282 162 2342 Sed
176 2283 328 2360 inquinari
343 2282 411 2341 nolo
425 2285 530 2358 ignavo
545 2283 699 2358 sanguine.

429 2431 622 2492 renunt
643 2433 734 2491 xxx.
936 2519 939 2523 ¹

134 2528 283 2578 RANAE
300 2527 559 2578 ME'I'VENX'ES
576 2528 815 2580 nAVRORVM
831 2528 1032 2582 PROEHA.

143 2612 278 2673 Humiles
291 2612 442 2683 laborant,
458 2611 510 2673 uhi
525 2619 662 2691 potentes
677 2614 831 2674 dissident.

101 2697 184 2756 Rana
199 2698 231 2756 in
246 2696 353 2775 palude
368 2715 498 2776 pugnam
513 2707 666 2757 taurorum
681 2700 817 2758 intuens:

101 2780 167 2840 Heu
182 2786 291 2858 quanta
306 2779 392 2840 nohis
406 2783 497 2840 instat
510 2781 674 2858 pernicies!
697 2783 748 2840 ait.

101 2863 286 2940 Interrogata
303 2862 339 2923 ab
356 2864 427 2931 alia,
444 2881 498 2922 cur
513 2863 569 2923 hoc
584 2864 707 2932 diceret,

102 2946 144 3007 lle
159 2949 330 3026 principatu
345 2964 413 3005 cum
427 2946 477 3005 illi
489 2952 640 3007 certarent
654 2950 754 3025 gregis

100 3029 260 3108 Longeque
277 3028 313 3089 ab
328 3031 402 3108 ipsis
419 3029 561 3106 degerent
575 3033 666 3090 vitam
681 3030 786 3092 bores:

101 3113 154 3173 Est
168 3115 256 3173 statio
271 3120 406 3191 separata
421 3131 454 3172 ac
471 3113 621 3175 diversum
635 3132 746 3191 genus;

102 3197 161 3256 Sed
176 3197 280 3274 pulsus
295 3213 387 3273 regno
402 3197 532 3257 nemoris
547 3200 599 3275 qui
614 3199 790 3276 profugerit,

73 3305 76 3311 ·
101 3279 221 3340 Paludis
235 3282 267 3339 in
282 3287 397 3341 secreta
412 3283 512 3340 veniet
526 3280 649 3341 latibula

101 3363 139 3422 Et
154 3363 339 3441 proculcatas
354 3362 471 3424 obteret
484 3364 559 3424 duro
574 3364 660 3442 pede.
1032 3374 1070 3428 10

98 3445 144 3505 lta
160 3454 247 3525 caput
263 3447 298 3506 ad
314 3455 449 3507 nostrum
462 3448 547 3507 furor
561 3448 683 3508 illorum
697 3450 838 3527 pertinet.
