2346 3840
484 222 592 278 LIBER
611 220 648 280 V.

85 372 184 437 Asello
197 372 287 433 iussit
299 371 442 451 reliquias
455 373 527 450 poni
540 371 655 432 hordei.

86 453 165 529 Qu'as
180 464 354 535 aspernatus
368 455 417 516 ille
433 457 476 515 sic
490 454 604 516 locutus
619 459 680 516 est:

84 540 229 604 Libenter
243 540 334 600 istum
347 555 471 616 prorsus
485 538 655 617 adpeterem
670 534 779 607 cibum,

85 624 164 693 Nisi,
180 624 233 702 qui
247 623 377 683 nutritus
391 621 441 682 illo
456 628 515 692 est,
531 621 680 699 iugulatus
694 621 783 682 foret.
851 629 854 634 ’
968 681 972 689 ,

130 706 226 767 Huius
239 712 378 784 respectu
391 704 508 765 fabulae
523 704 686 766 deterritus

86 789 291 852 Periculosum
306 805 424 866 semper
437 789 527 848 vitavi
540 788 667 848 lucrum.

87 874 146 936 Sed
162 873 251 934 dicis:
281 869 339 941 Qui
353 888 481 950 rapuere
497 870 628 942 divitias,
643 870 764 932 habent.

85 958 284 1020 Numeremus
299 955 438 1032 agedum,
455 957 506 1034 qui
521 955 661 1034 deprensi
675 955 842 1034 perierunt.

86 1041 227 1102 Maiorem
241 1037 361 1099 turbam
374 1041 547 1117 punitorum
560 1040 704 1118 reperies.

86 1124 193 1185 Paucis
207 1123 361 1184 temeritas
376 1129 422 1183 est
436 1121 528 1191 bono,
543 1122 645 1183 multis
658 1120 746 1183 malo.

440 1272 631 1333 FABVLA
655 1272 693 1334 V.

331 1368 497 1422 sevum
513 1369 568 1422 mu*
584 1369 800 1424 Rvsulovs
865 1378 870 1386 ’

129 1454 222 1517 Pravo
236 1455 337 1516 favore
352 1453 413 1516 labi
427 1453 566 1515 mortales
580 1454 675 1515 solent

86 1539 138 1610 m,
154 1556 210 1618 pro
224 1539 336 1600 iudicio
351 1538 422 1599 dum
437 1544 516 1599 stant
531 1539 643 1598 erroris
657 1538 713 1607 sul,

89 1623 132 1684 dd
146 1622 357 1701 poenitendum
371 1621 463 1683 rebus
477 1621 643 1682 manifestis
657 1623 716 1698 agi.

130 1706 275 1767 Facturus
289 1705 375 1766 ludos
390 1705 510 1785 quidam
525 1706 606 1766 dives
620 1703 737 1765 nobiles

87 1789 243 1868 Proposito
257 1796 379 1850 cunctos
392 1790 528 1850 invitavit
541 1791 683 1868 praemio,
822 1866 825 1871 ἢ

87 1872 181 1944 Quam
195 1873 321 1952 quisque
335 1880 435 1951 posset
450 1878 483 1932 ut
496 1875 657 1934 novitatem
671 1871 849 1934 ostenderet.

87 1955 203 2016 Venere
219 1956 349 2015 artifices
362 1954 459 2015 laudis
473 1954 510 2015 ad
524 1957 702 2037 certamina;

88 2038 167 2110 Quos
180 2041 261 2099 inter
275 2055 393 2112 scurra,
409 2044 497 2098 notus
511 2036 626 2099 urbano
641 2038 710 2108 sale,

87 2117 206 2184 llabere
222 2122 298 2183 dixit
312 2141 344 2183 se
358 2138 452 2200 genus
466 2122 636 2201 spectaculi,

88 2204 172 2276 Quod
186 2207 219 2265 in
232 2206 348 2266 theatro
362 2223 523 2286 numquam
536 2205 683 2285 prolatum
697 2207 785 2267 soret.

87 2290 247 2368 Dispersus
261 2306 363 2350 rumor
379 2291 526 2349 civitatem
541 2292 678 2350 concitat.

21 2430 24 2436 .
87 2372 190 2434 Paullo
204 2380 271 2434 ante
285 2391 376 2434 vacua
391 2371 510 2433 turbam
526 2372 667 2433 deliciunt
679 2373 753 2432 loca.

87 2456 121 2516 ln
136 2473 225 2517 scena
238 2474 309 2516 vero
323 2462 480 2535 postquam
494 2455 574 2517 solus
589 2456 721 2516 constitit

89 2539 159 2600 Sine
175 2538 331 2620 adparatu,
347 2539 437 2600 nullis
451 2537 644 2608 adiutoribus,

89 2623 247 2683 Silentium
261 2625 327 2701 ipsa
340 2623 413 2682 lecit
427 2624 616 2701 exspectatio.

87 2705 142 2766 Ille
157 2708 188 2766 in
203 2707 301 2766 sinum
315 2712 438 2785 repente
454 2706 574 2766 demisit
588 2711 676 2784 caput

87 2789 127 2850 Et
140 2790 184 2850 sio
197 2788 321 2876 porcelli
335 2807 438 2850 rocem
453 2795 499 2850 est
512 2790 646 2850 imitatus
659 2805 722 2860 sua,

87 2871 197 2933 Verum
212 2879 245 2933 ut
259 2873 381 2934 subesse
395 2873 486 2953 pallio
500 2872 715 2935 contenderent
816 2924 818 2929 ,

87 2957 126 3016 llt
139 2959 238 3017 excuti
252 2955 404 3017 iuberent.
433 2955 497 3027 Quo
514 2957 592 3017 lacto
606 2954 696 3016 simul

88 3040 169 3101 Nihil
184 3047 229 3101 est
243 3046 410 3117 repertum,
425 3038 526 3099 multis
542 3045 665 3098 onerant
678 3037 816 3102 laudibus

87 3123 302 3202 Hominemque
316 3122 423 3201 plausu
436 3127 657 3201 prosequuntur
670 3123 810 3184 maximo.

87 3205 151 3266 Hoc
164 3206 239 3266 vidit
251 3207 318 3266 fleri
332 3207 472 3266 rusticus.
502 3203 567 3265 Non
580 3204 750 3265 mehercule

87 3286 134 3350 Me
148 3290 261 3360 vincet,
277 3291 390 3368 inquit:
413 3297 443 3350 et
457 3291 557 3350 statim
571 3288 722 3368 professus
737 3295 784 3349 est

87 3371 170 3432 Idem
184 3372 332 3433 facturum
346 3374 454 3435 melius
468 3391 501 3434 se
515 3371 671 3453 postridie.

89 3455 139 3517 Fit
151 3453 238 3516 turha
251 3456 356 3518 maior.
386 3457 448 3518 lam
462 3457 545 3518 lavor
559 3462 675 3518 mentes
688 3460 770 3517 tenet
