2346 3840
98 203 141 270 48
378 208 540 265 PHAEDRI
560 211 784 268 PABVLARVM
811 298 820 306 .

102 360 140 421 Et
154 359 300 429 derisuri,
316 377 376 420 non
392 362 570 438 spectaturi,
587 362 701 423 sedent.

101 446 231 523 Vterque
247 444 357 522 prodit.
389 443 497 505 Scurra
513 445 674 524 degrunnit
688 448 772 524 prior

101 529 255 607 lllovetque
270 528 392 607 plausus
406 536 436 589 et
451 528 596 590 clamores
610 533 744 590 suscitat.

101 612 186 674 'lunc
201 613 343 673 simulans
358 629 423 672 sese
438 614 622 673 vestimentis
636 615 766 674 rusticus

101 695 269 757 Porcellum
283 695 437 773 obtegere,
456 693 545 774 (quod
559 695 688 757 iaciebat
703 698 826 767 scilicet,
1029 707 1063 760 30

103 779 177 849 Sed,
194 782 225 840 in
240 783 341 858 priore
356 781 426 859 quia
440 781 483 840 nil
498 788 718 860 compererant,
734 779 840 862 latens)
1064 786 1067 789 ’

101 863 242 925 Pervellit
257 882 359 925 aurem
374 881 458 935 vero,
475 882 564 942 quem
579 864 733 936 celaverat,
830 928 832 931 ,

101 947 139 1008 Et
154 965 221 1007 cum
237 947 338 1008 dolore
353 965 455 1008 vocem
470 957 593 1008 naturae
609 951 760 1028 exprimit.

101 1030 254 1092 Adclamat
266 1031 395 1111 populus
409 1048 541 1092 scurram
557 1031 649 1091 multo
664 1032 792 1093 similius

101 1114 265 1185 Imitatum,
281 1124 311 1176 et
326 1117 405 1192 cogit
418 1116 565 1176 rusticum
578 1115 660 1176 trudi
675 1116 764 1177 foras.

101 1199 139 1260 lt
152 1198 203 1259 ille
217 1199 332 1277 profert
346 1200 446 1277 ipsum
459 1199 624 1278 porcellum
638 1218 654 1259 e
670 1201 745 1269 sinu,

101 1281 292 1361 Turpemque
307 1293 410 1362 aperto
424 1285 549 1361 pignore
565 1300 697 1364 errorem
712 1281 858 1362 probans:

100 1363 210 1426 Euhie
225 1363 368 1437 declarat,
385 1366 486 1446 quales
501 1367 567 1426 sitIs
580 1366 709 1429 iudices!

101 1616 268 1669 GALVVS
284 1617 340 1668 ΕΦ
356 1519 818 1677 ΩἯέΑῗΣὲἒῑῙὲΙὲΠιΙΒ
834 1617 1057 1672 ΒΕΕἙΟἮῙΒ.

143 1704 260 1763 Invenit
275 1704 373 1763 calvus
387 1704 463 1762 lorte
479 1705 511 1762 in
525 1705 614 1762 trivio
628 1705 787 1781 pectinem.

101 1786 235 1847 Accessit
250 1786 338 1855 alter,
355 1803 448 1864 aeque
464 1785 599 1846 defectus
612 1785 692 1863 pilis.

76 1923 77 1927 ,
101 1869 190 1930 Heia!
212 1869 322 1948 inquit,
339 1871 371 1928 in
386 1887 540 1929 commune
555 1869 762 1950 quodcumque
778 1876 823 1932 est
836 1870 922 1932 lucri.

101 1951 240 2015 Ostendit
254 1953 303 2014 ille
319 1953 459 2031 praedam
475 1960 505 2013 et
519 1953 628 2015 adiecit
644 1954 745 2015 simul:

102 2036 250 2115 Superum
264 2036 398 2097 voluntas
412 2038 499 2107 lavit3
516 2038 567 2097 sed
582 2038 642 2099 lato
658 2039 758 2098 invido
974 2079 976 2082 ι
1043 2046 1060 2097 d

101 2119 280 2190 Carbonem,
297 2127 330 2180 ut
344 2123 441 2191 aiunt,
457 2138 512 2200 pro
528 2121 667 2182 thesauro
682 2121 861 2185 invenimus.

143 2202 242 2273 Quem
251 2221 319 2284 spes
334 2203 457 2272 delusit,
473 2204 544 2263 huic
559 2206 680 2282 querela
695 2207 842 2266 convenit.

443 2355 632 2416 FABVLA
653 2358 721 2416 VII.

343 2452 584 2505 PRINOEPS
611 2454 818 2510 mmmmm.
850 2488 854 2493 -

142 2538 199 2600 Vbi
212 2556 305 2600 vanus
320 2541 435 2600 animus
450 2557 522 2600 aura
537 2545 639 2617 captus
653 2537 760 2599 irivola

101 2621 241 2702 lidripuit
253 2621 430 2683 insolentem
444 2622 504 2684 sibi
518 2623 665 2694 fiduciam,

101 2707 200 2768 Pacilo
217 2706 253 2767 ad
268 2706 399 2767 derisum
413 2707 502 2768 stulta
518 2707 621 2769 levitas
638 2706 765 2769 ducitur.

144 2790 288 2869 Princeps
304 2789 416 2851 tibicen
430 2792 529 2851 notior
543 2791 642 2869 paullo
656 2792 722 2860 luit,
856 2850 871 2875 „.

100 2875 229 2953 Operam
243 2872 376 2952 Bathyllo
391 2874 495 2933 solitus
509 2876 542 2932 in
557 2891 644 2933 scena
660 2875 742 2934 dare.

101 2957 130 3018 ls
144 2959 220 3019 lorte
235 2957 313 3018 ludis
330 2953 399 3037 (non
414 2959 485 3018 satis
499 2959 621 3017 memini
637 2957 755 3038 quibus)

100 3040 177 3101 Ilum
191 3058 298 3120 pegma
311 3043 444 3120 rapitur,
460 3042 590 3103 concidit
606 3060 676 3103 casu
689 3043 773 3118 gravi

101 3125 163 3186 Nec
179 3128 317 3205 opinans,
334 3133 364 3186 et
378 3126 532 3187 sinistram
546 3127 638 3203 fregit
651 3124 767 3196 tibiam,

100 3209 180 3270 Duas
195 3226 262 3269 cum
277 3210 395 3270 dextras
410 3209 562 3270 maluisset
576 3209 713 3288 perdere.

101 3290 184 3354 lnter
198 3311 303 3354 manus
317 3292 451 3354 sublatus
466 3302 495 3353 et
510 3292 633 3354 multum
649 3309 771 3370 gemens
1027 3296 1059 3353 10

101 3375 227 3438 Domum
241 3377 381 3439 refertur.
411 3377 530 3456 Aliquot
543 3395 662 3438 menses
677 3383 841 3448 transeunt,

97 3459 144 3518 Ad
158 3463 318 3523 sanitatem
333 3462 403 3523 dum
418 3464 499 3522 venit
514 3463 639 3526 curatio.
