2346 3840
114 180 159 247 34
394 185 557 241 PHAEDRI
577 186 802 244 FABVLARVM

115 336 275 415 Postquam
289 342 464 414 consumpta
478 344 524 397 est
538 338 681 415 temporis
696 337 776 415 longi
792 355 886 408 mora,

115 419 178 480 Neo
192 421 361 480 testamenti
375 421 476 498 potuit
490 437 597 480 seusus
611 420 719 497 colligi,

116 503 219 564 Fidem
234 502 399 578 advocavit,
416 505 483 564 iure
497 502 646 580 neglecto,
663 521 783 583 parens.

117 587 241 666 Seponit
255 586 395 648 moechae
409 592 536 656 vestem,
552 587 696 648 mundum
709 588 896 660 muliebrem,

114 670 305 731 Lavationem
320 677 506 748 argenteam,
522 671 688 741 eunuchos,
698 670 837 748 .glabros;

115 752 263 816 Lanificae
279 754 403 832 agellos,
418 772 542 833 peoora,
558 754 672 824 villam,
689 758 851 834 operarios,
870 772 875 779 ·

115 839 225 908 Boves,
241 841 373 899 iumenta
388 844 418 898 et
433 840 664 899 instrumentum
678 841 838 910 rusticum;

113 921 227 983 Potrici
242 922 359 1001 plenam
375 924 506 1002 antiquis
520 922 695 1001 apothecam
709 923 800 994 oadis,

113 1006 240 1066 Domum
253 1005 376 1086 politam
391 1011 421 1065 et
436 1005 578 1066 delicatos
591 1006 735 1066 hortodos.

114 1090 164 1150 Sio
179 1089 326 1149 destinata
342 1089 412 1150 dare
428 1107 496 1149 oum
510 1088 599 1150 vellet
613 1089 739 1167 singulis

112 1173 152 1233 Et
165 1171 346 1253 adprobaret
358 1172 499 1252 populus,
515 1176 567 1253 qui
581 1173 648 1235 illas
661 1179 793 1245 noverat,

113 1257 246 1336 Aesopus
261 1255 358 1317 media
374 1255 472 1317 subito
486 1259 519 1317 in
533 1255 622 1317 turba
636 1258 786 1320 constitit:

113 1339 138 1401 Ο
153 1341 179 1400 si
193 1346 328 1401 maneret
342 1338 461 1400 condito
477 1357 582 1401 sensus
595 1341 684 1419 patri,

111 1422 207 1493 Quam
221 1425 352 1502 graviter
366 1425 474 1493 ferret,
490 1423 569 1503 quod
583 1424 762 1485 voluntatem
777 1443 860 1488 suam

111 1508 308 1586 Interpretari
322 1526 382 1568 non
399 1510 566 1586 potuissent
579 1509 685 1569 Attici!

111 1591 242 1669 Rogatus
256 1591 364 1652 deinde
380 1591 467 1652 solvit
482 1610 615 1652 errorem
629 1594 771 1653 omnium,
872 1582 881 1601 '

111 1674 237 1736 Domum
253 1682 284 1735 et
298 1681 471 1736 ornamenta
486 1693 553 1736 oum
568 1679 701 1736 venustis
714 1676 841 1738 hortulis

111 1757 149 1818 Et
162 1760 230 1819 vina
244 1765 345 1819 vetera
360 1757 426 1818 date
441 1758 577 1819 lanifloae
592 1762 738 1830 rusticae;

110 1841 245 1910 Vestem,
260 1843 400 1911 uniones,
416 1841 595 1921 pedisequos
610 1850 640 1902 et
655 1848 756 1904 oetera

110 1924 157 1986 Illi
172 1925 339 2003 adsignate,
355 1927 445 1985 vitam
459 1944 534 2005 quae
549 1925 620 1986 luxu
634 1926 743 1997 trahit;

111 2010 219 2086 Agros,
234 2009 391 2089 villamque
407 2015 438 2069 ot
451 2028 559 2089 peoora
573 2028 642 2071 oum
656 2009 825 2090 pastoribus

110 2092 222 2154 Donate
238 2093 388 2154 moechae.
418 2092 504 2154 Nulla
517 2096 629 2173 poterit
641 2096 768 2173 perpeti,

110 2176 149 2236 Vt
161 2174 296 2237 moribus
310 2176 384 2255 quid
398 2182 500 2236 teneat
514 2177 642 2237 alienum
657 2179 729 2237 suis.

109 2259 259 2320 Deformis
273 2260 384 2320 cultum
397 2259 518 2330 vendet,
534 2266 568 2320 ut
581 2262 682 2321 vinum
697 2268 798 2340 paret3

109 2344 205 2421 Agros
219 2341 330 2404 abiciet
344 2343 482 2414 moecha,
498 2349 532 2404 ut
546 2350 682 2405 ornatum
697 2352 795 2423 gerat;

110 2428 148 2488 At
161 2426 213 2487 illa
227 2426 359 2505 gaudens
373 2445 481 2506 peoore
497 2434 528 2488 et
541 2428 625 2489 lanae
641 2429 741 2489 dedita

109 2508 299 2590 Quacumque
314 2527 429 2571 summe
442 2510 541 2571 tradet
554 2512 689 2572 luxuriae
705 2511 835 2575 murum.
899 2555 902 2562 .

110 2593 159 2653 Sic
173 2593 253 2655 nulla
267 2592 446 2673 possidebit,
462 2594 541 2674 quod
555 2596 651 2656 fuerit
665 2595 775 2667 damur,

107 2675 147 2738 Et
161 2676 270 2738 dietam
285 2679 374 2739 matri
389 2680 544 2740 conferent
558 2681 715 2759 pecuniam

108 2759 152 2821 Ex
166 2764 264 2841 pretio
278 2780 395 2832 rerum,
412 2780 486 2841 quas
499 2763 689 2824 vendiderint
702 2763 845 2841 singulae.

149 2844 194 2904 lta
208 2845 287 2924 quod
301 2845 463 2905 multorum
476 2846 555 2922 fugit
568 2847 799 2926 inprudentiam,

107 2925 200 2989 Vnius
214 2929 344 2990 hominis
358 2930 493 3008 repperit
507 2928 648 2991 sollertia.

457 3081 648 3142 uABvuA
668 3083 722 3142 VI.

218 3176 368 3230 PVGNA
383 3178 565 3231 mmu-
579 3180 633 3232 ΕΤ
648 3180 955 3236 MVSOEELARVM.

149 3263 223 3324 Cum
236 3264 307 3323 vieti
321 3281 424 3325 mures
438 3265 632 3325 mustelarum
647 3269 780 3327 exercitu

108 3343 249 3424 (Historia
263 3365 390 3426 quorum
405 3354 434 3408 et
448 3350 480 3409 in
495 3347 629 3409 tabernis
643 3351 786 3432 pingitur)

93 3429 255 3506 Fugerent
269 3438 300 3494 et
313 3439 395 3496 artos
410 3434 525 3495 eiroum
538 3432 726 3513 trepidarent
740 3452 836 3505 oavos,
