2346 3840
102 197 123 260 2
382 203 543 259 PHAEDRI
563 204 788 262 FABVLARVM
894 157 896 159 >

102 351 190 412 Pater
204 351 305 413 hercle
321 358 390 413 tuus
404 352 463 422 ibi,
479 354 589 433 inquit,
605 354 681 414 male
697 355 772 414 dixit
786 354 870 414 mihi.

79 442 80 445 ’
102 435 198 513 Atque
212 437 255 497 ita
269 444 441 516 correptum
456 437 568 497 lacerat
581 439 691 498 iniusta
705 455 790 498 nece.

144 518 224 580 llaec
238 526 362 599 propter
376 519 444 581 illos
458 523 570 599 scripta
585 528 631 582 111
645 521 779 582 homines
794 521 902 591 fabula,

102 601 159 671 Qui
173 603 251 664 fictis
266 606 364 665 causis
378 606 553 671 innocentes
564 607 745 684 opprimunt,

274 800 277 811 .
452 755 642 814 FABVLA
669 755 710 814 Π.

285 851 433 903 Rumam
450 851 602 903 REGEM
616 851 874 905 PE'I'IERVM'.

144 935 276 996 Athenae
291 954 358 996 cum
372 937 515 997 florerent
530 938 631 1015 aequis
645 937 770 1014 legibus,

102 1019 215 1080 Procax
230 1019 354 1081 libertas
369 1022 520 1082 civitatem
534 1021 653 1081 miscuit

103 1103 291 1183 Frenumque
306 1102 392 1164 solvit
405 1106 567 1183 pristinum
580 1104 711 1166 licentia.

102 1185 157 1246 Hic
172 1188 351 1265 conspiratis
364 1187 527 1250 factionum
541 1187 678 1267 partibus

103 1273 209 1330 Arcem
222 1277 368 1348 tyrannus
381 1279 506 1350 occupat
519 1271 703 1333 Pisistratus.

103 1353 176 1414 Cum
189 1355 307 1415 tristem
321 1357 494 1416 servitutem
508 1355 616 1416 sserent
629 1355 728 1425 Attici,

104 1436 179 1508 (Non
194 1439 263 1516 quia
278 1436 408 1498 crudelis
422 1439 487 1510 ille,
504 1439 556 1500 sed
571 1440 710 1518 quoniam
725 1455 813 1515 grave

103 1520 195 1581 Omne
210 1523 337 1583 insuetis
351 1521 435 1602 onus)
452 1530 482 1583 et
496 1525 666 1603 coepissent
680 1525 776 1601 queri,

102 1609 234 1683 Aesopus
248 1605 337 1666 talem
352 1611 416 1667 tum
429 1606 568 1667 fabellam
583 1604 708 1667 rettulit.

143 1689 243 1748 Ranae
257 1696 397 1766 vagantes
410 1688 514 1754 liberis
528 1688 688 1768 paludibus

102 1771 236 1833 Clamore
250 1789 356 1850 magno
370 1789 472 1850 regem
486 1775 601 1851 petiere
617 1790 633 1831 a
647 1771 725 1841 love,

102 1856 159 1925 (lui
174 1856 333 1917 dissolutos
343 1859 447 1916 'mores
459 1857 488 1916 vi
503 1862 706 1934 conpesceret.

102 1939 190 2000 Pater
205 1941 328 2000 deorum
342 1941 410 2000 risit
424 1946 512 2018 atque
527 1938 587 2000 illis
601 1938 684 2000 dedit

101 2023 228 2084 Parvum
243 2023 387 2100 tigillum,
401 2025 525 2084 missum
539 2023 618 2103 quod
633 2023 733 2084 subito
747 2021 814 2083 vadi

102 2107 182 2167 Motu
197 2125 327 2186 sonoque
343 2109 453 2167 terruit
466 2106 605 2185 pavidum
619 2123 722 2184 genus.

102 2190 165 2250 Hoc
179 2208 311 2251 mersum
325 2190 397 2250 limo
412 2208 481 2250 cum
495 2192 608 2250 iaceret
621 2190 742 2260 diutius,

102 2274 192 2334 Forte
206 2291 265 2334 una
279 2274 368 2334 tacite
383 2273 499 2352 profert
514 2292 530 2333 e
545 2280 649 2350 stagno
664 2281 753 2353 caput

101 2358 140 2418 Et
154 2356 307 2437 explorato
321 2373 392 2433 rege
409 2363 530 2418 cunctas
545 2364 656 2418 110111.

101 2441 171 2503 11111
186 2443 293 2501 timore
307 2442 404 2520 posito
419 2442 555 2502 certatim
570 2441 710 2501 adnatant

101 2527 287 2604 Lignumque
302 2542 392 2603 supra
407 2523 495 2586 turba
509 2525 645 2604 petulans
660 2523 764 2585 insilit.

102 2608 185 2678 011011
201 2625 268 2668 cum
284 2609 490 2687 inquinassent
504 2610 585 2669 omni
600 2609 787 2678 contumelia,

101 2693 199 2752 Alium
214 2699 353 2768 rogantes
366 2709 469 2770 regem
483 2694 592 2755 misere
607 2692 644 2754 ad
659 2692 766 2762 lovem,

101 2776 219 2836 Inutilis
233 2777 373 2854 quoniam
387 2784 466 2838 esset
481 2777 532 2855 qui
545 2777 644 2837 iuerat
662 2776 758 2837 datus.

101 2860 176 2919 Tum
190 2860 272 2920 misit
285 2857 347 2920 illis
360 2858 500 2938 hydrum,
516 2862 568 2939 qui
583 2859 671 2920 dente
687 2877 793 2938 aspero

104 2943 263 3021 Corripere
278 2944 377 3022 coepit
390 2942 530 3020 singulas.
562 2944 684 3004 Frustra
698 2960 803 3003 necem

101 3026 241 3104 Fugitant
254 3028 382 3095 inertes.
398 3044 501 3087 vocem
516 3027 682 3106 praecludit
695 3033 802 3087 metus.

101 3110 218 3171 Furtim
232 3111 325 3188 igitur
339 3109 410 3171 dant
424 3110 571 3172 Mercurio
586 3110 723 3171 mandata
737 3111 775 3170 ad
789 3109 896 3178 lovem

100 3193 236 3254 adflictis
250 3201 283 3253 ut
293 3201 457 3255 succurrat.
487 3191 571 3255 'l'unc
586 3202 688 3255 contra
703 3194 791 3254 deus:

101 3276 175 3346 Quia
190 3276 329 3338 noluistis
342 3286 473 3339 vestrum
487 3279 583 3348 ferre,
598 3279 711 3357 inquit,
729 3276 849 3346 bonum,

101 3359 208 3421 Malum
222 3362 363 3440 perferte.
377 3395 421 3407 —
436 3360 493 3422 Vos
507 3380 639 3441 quoque,
656 3380 673 3422 o
689 3363 784 3431 cives,
801 3362 853 3430 ait,

98 3443 163 3505 Hoc
177 3447 338 3516 sustinete,
353 3446 449 3508 maius
463 3463 501 3506 ne
516 3447 615 3506 veniat
628 3444 748 3506 malum.
824 3465 826 3471 ·
