2346 3840
489 217 682 276 APPENDIX.

419 418 609 479 FABVLA
631 418 755 478 XXVII.

334 523 563 577 timenem
578 526 633 577 ΕΤ
650 524 839 578 mmet.

188 620 280 675 Multa
297 637 357 677 esse
374 621 498 676 iucunda
515 639 588 689 quae
605 623 702 679 tamen
719 625 785 677 sunt
800 623 985 679 incommoda.

147 727 220 789 (lum
235 727 424 789 blandiretur
438 729 539 788 inveni
554 731 697 789 meretrix
712 729 834 810 perlida,

104 810 141 871 Et
155 811 203 871 ille
218 811 315 873 laesus
330 811 434 872 multis
448 829 537 890 saepe
552 813 673 873 iniuriis

103 895 216 956 'lamen
231 894 393 974 praeberet
408 913 473 956 sese
488 895 606 956 facilem
621 896 752 968 mulieri,

104 978 154 1039 Sie
168 979 352 1040 insidiatrix:
382 979 494 1040 Omnes
508 979 683 1041 muneribus
696 981 768 1043 lieet

104 1063 303 1133 Contendant,
320 1080 375 1141 ego
390 1069 419 1122 te
434 1063 558 1142 plurimi
573 1065 647 1124 facio
662 1070 771 1126 tamen.

102 1146 222 1208 Iuvenis
236 1147 398 1208 recordans
413 1148 551 1225 quotiens
567 1147 709 1226 deeeptus
723 1149 814 1210 leret:

40 1250 42 1254 ’
103 1230 269 1301 Lnbenter,
285 1231 398 1310 inquit,
414 1249 481 1291 mea
495 1230 558 1300 lux,
574 1230 651 1291 hane
665 1249 767 1292 roeem
783 1234 879 1305 audio,

102 1313 168 1375 Non
184 1315 261 1394 qnod
276 1313 387 1384 tidelis,
404 1314 457 1375 sed
472 1314 551 1393 quod
565 1314 694 1375 ineunda
709 1322 755 1376 est
768 1317 852 1377 mihi.

358 1554 365 1563 s
405 1506 598 1568 FABVLA
618 1508 758 1570 XXVIII.

514 1614 652 1666 mnne.

145 1716 238 1778 (lanes
254 1716 385 1794 effugere
400 1734 468 1777 eum
484 1718 543 1777 iam
557 1735 617 1777 non
631 1719 727 1796 possit
741 1716 825 1788 liber,

104 1798 220 1878 (Graeci
235 1802 375 1880 loquaces
389 1819 478 1880 quem
494 1801 635 1862 dixerunt
649 1809 794 1864 castorem

101 1885 139 1946 Et
154 1884 328 1946 indiderunt
343 1882 457 1944 bestiae
472 1902 580 1945 nomen
595 1885 653 1953 dei,

102 1968 163 2038 llli,
180 1970 231 2048 qui
246 1969 360 2028 iactant
373 1984 406 2028 se
420 1965 582 2028 verborum
597 1969 707 2049 copim)

102 2051 248 2132 Abripere
264 2069 365 2112 morsu
379 2051 475 2112 fertur
489 2052 642 2112 testiculos
657 2052 725 2123 sibi,

102 2134 176 2204 Quia
191 2141 313 2214 propter
329 2134 395 2195 illos
410 2137 521 2195 sentiat
534 2153 600 2196 sese
615 2138 687 2214 peti.

100 2219 207 2280 Divina
222 2219 300 2299 quod
315 2220 431 2280 ratione
445 2219 514 2279 fleri
527 2237 588 2279 non
603 2236 725 2296 negem:

101 2302 230 2363 Venator
244 2320 372 2382 namque
387 2302 476 2364 simul
491 2305 606 2364 invenit
618 2305 796 2375 remedium,

101 2386 220 2447 Omittit
233 2389 330 2466 ipsum
345 2388 486 2465 persequi
502 2393 532 2446 et
545 2392 665 2446 revocat
679 2404 777 2448 canes.

143 2471 205 2531 lloe
220 2474 246 2531 si
260 2477 412 2549 praestare
428 2476 550 2548 possent
564 2469 713 2541 homines,
732 2476 764 2531 ut
778 2489 831 2531 sno
1031 2480 1065 2532 10

101 2554 217 2615 Vellent
232 2572 350 2624 carere,
367 2555 423 2613 tuti
438 2554 560 2632 posthac
575 2555 725 2626 viverent;

102 2638 187 2699 Haud
202 2640 359 2717 quisquam
373 2637 498 2697 insidias
512 2637 591 2698 nudo
606 2638 719 2697 laceret
733 2639 861 2718 corpori.

423 2839 615 2900 FABVLA
636 2841 743 2900 XXIX.

375 2945 549 2998 PAPILIO
566 2947 621 2998 En
639 2947 788 3000 VESPA-

177 3042 241 3095 Non
257 3041 440 3110 praeteritam
457 3043 701 3163 sedfpptplesentem
718 3044 908 3113 aspieIendam
926 3060 986 3101 esse

584 3126 658 3164 nem.

143 3214 257 3293 Papilio
272 3233 391 3295 vespam
406 3216 652 3296 praetervolitans
666 3217 791 3279 viderat.

101 3298 252 3360 Osortem
267 3300 412 3378 iniquam!
433 3300 502 3360 dnm
517 3299 655 3361 vivebant
670 3319 802 3380 corpora,

101 3380 234 3451 Quorum
249 3401 286 3443 ex
299 3384 435 3464 requuiis
450 3386 577 3445 animam
592 3403 646 3445 nos
661 3388 839 3465 accepimns,

101 3465 163 3543 Ego
178 3467 320 3546 eloquens
334 3469 366 3527 in
380 3486 468 3549 paee,
484 3469 574 3530 sortis
586 3469 729 3550 preelins,
