2346 3840
147 185 190 251 20
427 189 589 244 PHAnnni
608 188 832 246 FABVLARVM

149 340 290 400 Adfectus
305 340 443 418 proprios
457 340 490 398 in
504 336 627 399 fabellas
642 338 793 400 transtulit

149 423 391 502 Calumniamque
406 422 486 482 lictis
500 421 590 482 elusit
604 424 687 483 iocis.

147 507 211 585 Ego
225 524 316 586 porro
331 505 412 567 illins
427 507 533 566 semita
547 506 607 566 leci
621 507 707 578 viam,

148 590 187 652 Et
201 592 328 667 cogitavi
342 589 427 669 plura
442 607 532 668 quam
545 589 715 668 reliquerat,

148 675 183 734 ln
198 674 395 734 calamitatem
409 673 543 750 deligens
557 672 703 752 quaedam
717 692 823 735 meam.

148 756 232 827 Quod
248 760 273 817 si
289 764 445 819 accusator
459 757 536 818 alins
550 756 657 818 Seiano
672 757 760 829 loret,

149 841 182 903 Si
196 844 283 902 testis
298 841 388 911 alius,
403 840 495 902 iudex
509 840 738 920 alius‘denique,

147 925 277 1003 Dignum
292 926 404 986 faterer
419 943 485 986 esse
499 943 547 992 me
562 928 655 986 tantis
668 925 763 1000 malis,

148 1008 211 1070 Nee
225 1008 273 1069 his
288 1009 420 1070 dolorem
435 1008 593 1070 delinirem
606 1008 759 1069 remediis.

149 1092 317 1172 Suspitione
333 1095 428 1172 siquis
442 1092 557 1153 errabit
571 1110 624 1153 sna

148 1178 186 1238 Et
200 1179 299 1256 rapiet
313 1175 351 1238 ad
365 1193 412 1246 se,
428 1177 507 1256 quod
521 1178 582 1237 erit
596 1194 751 1238 commune
768 1180 909 1248 omnium,
1000 1178 1007 1197 ¹

149 1259 244 1321 Stulte
259 1259 385 1321 nudabit
399 1263 491 1322 animi
505 1263 724 1321 conscientiam.

148 1344 226 1404 Huic
241 1352 412 1405 excusatum
427 1362 474 1404 me
489 1344 577 1404 velim
592 1343 686 1404 nihilo
701 1346 814 1406 minus:

148 1429 252 1507 Neque
268 1430 349 1488 enim
363 1435 468 1489 notare
484 1427 617 1506 singulos
631 1446 716 1489 mens
730 1435 777 1489 est
790 1429 876 1499 mihi,

147 1513 258 1573 Verum
272 1514 368 1591 ipsam
381 1514 473 1573 vitam
488 1519 518 1573 et
532 1530 632 1574 mores
645 1512 799 1574 hominum
815 1515 985 1577 ostendere.

190 1596 265 1657 Rem
279 1614 327 1657 me
341 1597 510 1674 professum
525 1596 606 1657 dicet
619 1597 682 1656 lors
697 1596 805 1675 aliquis
818 1614 950 1674 gravem.

149 1679 181 1741 Si
195 1679 296 1758 Phryx
310 1680 443 1759 Aesopus
456 1681 568 1759 potuit,
585 1682 611 1740 si
626 1679 804 1741 Anacharsis
819 1679 934 1760 Scytha

148 1767 306 1825 Aeternam
322 1763 429 1824 lamam
444 1762 572 1825 condere
587 1765 709 1840 ingenio
724 1781 794 1824 suo:

148 1847 225 1924 Ego,
241 1847 390 1909 litteratae
405 1849 457 1926 qui
473 1865 538 1908 sum
553 1849 676 1926 propior
691 1846 842 1918 Graeciae,

149 1932 209 1993 Cur
224 1949 327 1991 somno
342 1932 436 1993 inerti
451 1931 587 1992 deseram
601 1933 715 2011 patriae
731 1931 840 1993 deensi

148 2014 289 2075 Threissa
304 2032 373 2076 cum
386 2033 460 2093 gens
473 2024 612 2077 numeret
626 2023 762 2077 auctores
777 2034 856 2086 suos,

148 2098 283 2178 Linoque
298 2099 400 2177 Apollo
416 2101 455 2160 sit
469 2118 593 2178 parens,
609 2098 692 2159 Musa
707 2098 836 2176 Orpheo,

149 2180 206 2252 Qui
220 2199 290 2242 saxa
306 2189 395 2244 cantu
409 2184 501 2242 morit
515 2190 546 2242 et
560 2181 674 2243 domuit
688 2181 769 2242 ieras
784 2245 789 2254 ,

148 2264 301 2344 Hebrique
316 2267 413 2326 tenuit
427 2267 548 2344 inpetus
562 2265 645 2326 dulci
659 2283 751 2327 mora.

147 2348 227 2426 Ergo
242 2349 312 2409 hinc
330 2347 433 2409 abesto
447 2348 538 2419 livor,
554 2367 593 2410 ne
607 2350 720 2411 frustra
735 2368 844 2428 gemas,

148 2430 293 2502 Quoniam
309 2432 462 2494 sollemnis
476 2433 551 2494 mihi
566 2432 692 2494 debetur
706 2434 810 2510 gloria.

189 2516 296 2576 Induxi
312 2524 342 2575 te
358 2516 394 2576 ad
409 2516 584 2593 legendum
600 2519 750 2578 sincerum
764 2517 838 2579 mihi

149 2599 284 2661 Candore
299 2608 369 2661 uoto
383 2599 490 2661 reddas
504 2599 649 2661 iudicium
663 2607 743 2678 peto.

510 2753 704 2813 FABVLA
724 2754 750 2814 I.

399 2849 514 2900 Anvs
531 2851 591 2902 ΔΙ)
608 2851 865 2905 ΑΜΡΗΟΒΔΜ.

191 2936 272 2996 Anus
286 2937 385 2995 iacere
400 2934 476 2995 vidit
490 2941 608 3014 epotam
623 2935 805 3015 amphoram,

149 3017 253 3080 Adhuc
267 3019 394 3081 Falerna
408 3019 492 3079 laece
508 3036 524 3079 e
539 3026 616 3081 testa
630 3020 725 3082 nobili

150 3102 278 3163 Odorem
292 3121 367 3182 quae
383 3103 543 3165 iocundum
558 3103 618 3166 late
633 3113 796 3184 spargeret.

150 3185 235 3246 Hunc
249 3194 406 3272 postquam
420 3189 492 3251 totis
506 3188 593 3249 avida
606 3191 698 3249 traxit
712 3188 852 3250 naribus:

150 3268 174 3329 0
190 3271 288 3330 suavis
303 3270 416 3332 anima!
439 3271 524 3350 quale
539 3274 572 3332 in
586 3279 616 3332 te
632 3271 729 3333 dicam
743 3271 855 3334 honum

148 3352 281 3414 Antehac
295 3354 403 3429 inisse,
418 3355 495 3417 tales
509 3372 577 3418 cum
592 3357 653 3416 sint
667 3356 831 3437 reliquiae?

190 3435 252 3496 Hoc
267 3455 326 3518 quo
340 3440 504 3519 pertineat,
521 3438 614 3510 dicet,
630 3441 682 3520 qui
696 3459 745 3504 me
759 3443 889 3504 noverit.
