2346 3840
500 175 608 231 nrene
629 171 677 234 Ν.
747 162 751 168 “

442 324 634 385 FABVLA
654 324 735 386 XVI.

357 423 414 472 DE
433 422 585 475 carme
601 423 822 478 BARBAI'IS.

149 505 278 570 Barbam
293 508 423 586 capellae
440 525 507 568 cum
522 509 723 587 inpetrassent
737 507 774 569 ab
789 509 865 580 love,

106 590 191 653 Hirci
205 598 374 652 maerentes
388 592 540 670 indignari
556 600 729 672 coeperunt,

106 675 192 746 Quod
207 675 381 753 dignitatem
395 677 524 736 feminae
539 683 715 756 aequassent
729 694 823 738 suam.

107 759 219 828 Sinite,
235 761 347 838 inquit,
363 759 430 820 illas
444 759 539 837 gloria
552 778 627 821 vana
641 761 702 821 irui

105 843 144 904 Et
158 861 303 921 usurpare
317 845 410 904 vestri
425 850 562 904 ornatum
576 847 720 914 muneris,

105 927 197 988 Pares
211 926 282 987 dum
296 944 356 987 non
371 929 433 988 sint
447 934 562 988 vestrae
576 928 758 989 fortitudini.

147 1010 211 1070 Hoc
225 1018 432 1088 argumentum
446 1018 562 1082 monet,
578 1019 610 1072 ut
626 1014 775 1073 sustineas
789 1011 846 1073 tibi
910 1009 918 1016 “

105 1092 219 1155 Habitu
233 1113 299 1156 esse
314 1095 442 1165 similes,
458 1097 511 1174 qui
525 1098 586 1156 sint
599 1097 708 1156 virtute
722 1098 853 1176 inpares.

433 1228 626 1289 FABVLA
647 1229 744 1290 XVII.

323 1328 381 1378 DE
398 1327 610 1380 nonrvms
626 1327 847 1382 HOMINVM.

147 1412 221 1474 Cum
236 1412 273 1473 de
288 1413 417 1473 iortunis
432 1413 553 1492 quidam
567 1419 745 1490 quereretur
761 1415 833 1485 suis,

104 1495 238 1575 Aesopus
252 1498 338 1557 finxit
352 1496 522 1557 consolandi
537 1498 647 1573 gratia:

146 1580 257 1641 Vexata
272 1583 368 1641 saevis
383 1582 466 1641 navis
479 1579 716 1659 tempestatibus,

104 1663 186 1725 inter
199 1671 353 1725 vectorum
368 1664 506 1726 lacrimas
521 1671 551 1726 et
565 1667 670 1726 mortis
685 1671 806 1734 metum,

105 1748 225 1809 Faciem
241 1747 278 1808 ad
293 1766 429 1810 serenam
444 1748 542 1810 subito
557 1755 590 1810 ut
603 1755 735 1810 mutatur
750 1749 824 1821 dies,

105 1831 194 1893 Ferri
210 1832 350 1894 secundis
363 1840 426 1895 tuta
441 1835 539 1911 coepit
553 1832 673 1894 flatibus

104 1915 263 1995 Nimiaque
277 1925 382 1977 nautas
395 1916 545 1976 hilaritate
560 1916 711 1976 extollere.

104 1995 215 2061 Factus
228 1999 351 2078 periclis
365 2006 428 2059 tum
443 1997 625 2075 gubernator
640 1999 765 2078 sophus:

104 2084 209 2145 ‘Parce
225 2083 356 2162 gaudere
371 2089 489 2162 oportet
503 2089 533 2143 et
548 2084 660 2143 sensim
674 2085 785 2162 queri?
799 2115 843 2130 —-

102 2166 210 2229 'l'otam
224 2183 317 2246 aeque
332 2169 423 2227 vitam
437 2169 551 2228 miscet·
558 2165 641 2227 dolor
656 2174 687 2228 et
700 2168 851 2245 gaudium.

422 2318 614 2379 FABVLA
635 2320 746 2379 XVIII.

299 2417 452 2468 QANVM
467 2415 628 2468 unum
643 2418 702 2467 AD
718 2417 869 2473 IOVBM.

147 2501 240 2562 Canes
254 2501 368 2578 legatos
383 2502 453 2562 olim
467 2502 577 2562 misere
593 2501 630 2562 ad
644 2500 753 2570 Iovem,

103 2585 236 2646 Melioris
249 2586 328 2645 vitae
344 2593 461 2663 tempus
476 2593 592 2646 oratum
606 2603 686 2655 suae,

102 2669 139 2728 Vc
154 2685 219 2728 sese
235 2671 367 2747 eriperet
383 2669 538 2729 hominum
553 2669 749 2740 contumeliis,

103 2750 284 2813 Furfuribus
298 2750 357 2812 sibi
371 2770 564 2831 conspersum
578 2752 657 2832 quod
671 2770 778 2831 panem
793 2754 898 2816 darent

103 2837 247 2915 Fimoque
262 2839 344 2916 turpi
357 2839 485 2898 maxime
500 2837 655 2916 explerent
667 2838 786 2899 famem.

102 2919 235 2981 Profecti
250 2926 319 2980 sunt
333 2920 423 2998 legati
438 2940 498 2982 non
513 2922 605 2983 celeri
619 2922 704 3000 pede,

102 3003 180 3064 Dum
194 3003 318 3065 naribus
331 3011 502 3065 scrutantur
517 3023 615 3066 escam
629 3007 659 3065 in
674 3013 817 3067 stercore.

103 3087 193 3149 ultan
207 3106 267 3148 non
281 3087 472 3167 respondent.
502 3089 558 3148 Vix
571 3087 691 3149 tandem
705 3090 819 3149 invenit

102 3169 163 3231 Eos
177 3172 342 3233 Mercurius
357 3178 389 3232 et
401 3171 536 3233 turbatos
551 3171 688 3233 adtrahit.

103 3254 180 3314 Tum
194 3273 264 3315 vero
277 3255 391 3316 vultum
406 3258 506 3334 magni
521 3263 554 3318 ut
567 3256 706 3317 viderunt
719 3256 808 3328 Iovis,

103 3337 214 3398 'lotam'
223 3340 362 3401 timentes
377 3348 575 3402 concacarunt
588 3343 718 3419 regiam;

144 3421 282 3502 Propulsi
296 3441 367 3484 vero
381 3424 511 3487 fustibus
525 3426 634 3488 vadunt
647 3425 737 3487 lonas.
