2346 3840
101 196 144 261 30
379 200 541 255 PHAEDRI
561 199 786 256 FABVLARVM

103 350 206 428 Ignem
220 367 292 428 orgo
305 367 469 429 quaerens,
486 349 599 430 aliquot
612 350 748 412 lustravit
762 349 876 417 domus.

103 433 295 514 Tandemque
310 435 439 504 invenit,
456 433 508 494 ubi
523 434 675 495 lucernam
691 434 876 496 accenderet.

103 517 180 578 Turn
196 520 310 578 circum
326 519 408 578 eunti
423 519 523 579 fuerat
536 518 614 596 quod
630 520 689 579 iter
703 519 829 597 longius,
1048 527 1067 580 o

102 602 210 664 Effecit
224 601 360 662 brevius:
382 619 510 680 namque
525 609 608 662 recta
622 619 679 680 per
693 602 790 663 lorum

103 686 210 765 Coepit
222 684 334 747 redire.
364 685 402 746 Et
415 685 536 765 quidam
551 703 568 746 e
582 685 669 746 turba
684 686 835 763 garrulus:

104 771 234 849 desope,
250 768 349 832 medio
364 768 425 829 sole
440 770 512 849 quid
527 787 595 831 curn
610 770 741 831 lurnine‘.l

102 854 275 923 Hominem,
290 855 403 933 inquit,
419 871 546 932 quaero,
563 861 594 915 et
607 853 682 915 abiit
696 854 841 915 festinans
856 854 986 916 domurn.

145 937 207 999 Hoc
222 940 249 999 si
263 938 407 998 molestus
419 937 468 998 ille
484 937 521 1010 ad
536 940 668 998 animum
682 938 808 1007 rettulit,
1034 960 1067 1013 10

103 1022 204 1083 Sensit
217 1022 352 1102 profecto
367 1039 399 1082 se
413 1020 566 1084 hominem
579 1039 639 1082 non
654 1023 750 1082 visum
765 1024 840 1092 seni,

101 1105 313 1186 Intempestive
328 1107 381 1185 qui
400 1112 543 1185 occupato
557 1105 711 1167 adlnserit.

489 1239 677 1307 nobum

145 1358 312 1436 Supersunt
325 1356 401 1417 mihi
415 1374 491 1437 qnae
506 1356 652 1427 scribam,
668 1357 721 1421 sed
735 1375 824 1438 parco
838 1359 955 1431 sciens;

102 1443 237 1504 Primum
251 1458 316 1502 esse
331 1441 434 1502 ridear
448 1459 486 1501 ne
501 1439 558 1502 tibi
572 1441 734 1512 molestior,

102 1526 262 1603 Distringit
275 1543 364 1605 quem
378 1526 537 1586 multarum
553 1543 656 1586 rerum
670 1528 815 1597 varietas;

103 1610 180 1671 Dein
194 1611 289 1689 siquis
304 1610 407 1671 eadem
422 1610 500 1670 sorte
516 1612 618 1670 conari
633 1609 715 1680 velit,

102 1694 220 1755 Habere
236 1701 270 1754 ut
283 1695 377 1772 possit
391 1693 502 1772 aliquid
517 1695 617 1772 operis
631 1693 761 1755 residui:

103 1776 242 1847 Quamvis
256 1779 400 1837 materiae
415 1783 496 1837 tanta
511 1775 644 1837 abundet
658 1779 752 1856 copia,

102 1860 213 1923 Labori
227 1859 313 1921 saber
328 1867 361 1921 nt
375 1861 469 1930 desit,
485 1878 545 1921 non
559 1859 645 1921 labro
659 1859 753 1921 labor.

102 1945 248 2007 Brevitati
262 1951 381 2005 nostrae
395 1946 561 2024 praemium
576 1952 611 2006 ut
624 1945 746 2015 reddas,
762 1951 843 2026 peto,

102 2028 187 2101 Quod
202 2047 234 2090 es
248 2028 412 2109 pollicitus:
435 2029 543 2090 exhibe
558 2031 639 2090 vocis
652 2029 750 2090 fidem.

102 2113 177 2175 Nam
192 2115 253 2174 vita
267 2115 355 2174 morti
370 2115 492 2193 propior
506 2120 553 2173 est
567 2113 684 2183 cotidie,

102 2198 141 2259 m
154 2198 211 2257 hoc
225 2199 324 2258 minus
338 2200 493 2275 perveniet
507 2196 544 2255 ad
559 2214 606 2257 me
623 2198 764 2268 muneris,

102 2281 167 2352 Quo
181 2280 248 2361 plus
263 2287 417 2341 consumet
431 2281 575 2359 temporis
590 2280 702 2340 dilatio.

103 2367 135 2427 Si
151 2367 210 2426 cito
224 2381 289 2425 rem
304 2381 445 2444 perages,
460 2382 533 2425 usus
546 2365 598 2425 fiet
610 2364 742 2442 longior:

102 2451 200 2512 Fruar
214 2448 343 2519 diutius,
360 2451 385 2508 si
401 2448 529 2510 celerius
544 2467 660 2529 cepero.

102 2534 284 2610 Languentis
298 2534 363 2592 aevi
378 2533 448 2593 dum
463 2540 532 2593 sunt
546 2532 661 2611 aliquae
675 2532 832 2612 reliquiae,

101 2617 219 2679 Auxilio
233 2616 317 2677 locus
330 2622 391 2677 est:
414 2616 485 2677 olim
500 2618 583 2677 senio
599 2616 728 2678 debilem

103 2701 226 2764 Frustra
240 2700 379 2762 adiuvare
393 2699 511 2762 bonitas
524 2701 637 2762 nitetur
650 2708 710 2771 tna,

103 2788 176 2849 Cum
191 2788 250 2846 iam
266 2785 390 2846 desierit
404 2802 470 2846 esso
485 2784 613 2845 benficia
627 2784 711 2846 utilis

102 2870 141 2930 Et
155 2888 236 2930 mors
248 2870 347 2929 vicina
360 2867 508 2946 flagitabit
524 2867 667 2929 debitum.

103 2954 231 3015 Stultum
247 2954 403 3013 admovere
417 2951 473 3013 tibi
488 2969 594 3031 preces
609 2953 756 3024 existimo,

82 3085 86 3092 .
102 3037 247 3109 Proclivis
261 3036 339 3097 ultro
354 3054 420 3096 oum
436 3037 474 3096 sit
492 3037 707 3100 misericordia

1 3162 7 3171 ·
104 3122 198 3200 Saepe
212 3121 374 3199 inpetravit
388 3122 503 3182 veniam
518 3123 671 3182 confessus
685 3139 772 3184 reus:

102 3204 218 3276 Quanto
232 3206 383 3265 innocenti
397 3205 506 3266 iustius
519 3205 608 3266 debet
625 3204 708 3266 darii

103 3289 184 3349 Tuae
200 3295 270 3349 sunt
283 3295 397 3368 partes;
413 3289 535 3349 inerunt
549 3289 673 3350 aliorum
688 3289 782 3366 prins

103 3373 178 3434 Dein
193 3371 285 3434 simili
298 3389 371 3452 gyro
386 3376 505 3434 venient
519 3373 645 3434 allorum
658 3373 748 3432 vices.

93 3455 235 3518 Decerne
248 3457 328 3537 qnod
343 3456 464 3536 religio,
480 3457 558 3538 quod
572 3459 685 3538 patitur
699 3455 782 3526 tides,
