2346 3840
197 958 261 1032 Du
286 958 501 1032 PHAEDRJ
526 956 642 1032 VITA
666 957 729 1031 ΕΤ
755 944 972 1034 SCRIPTIS.

167 1161 190 1222 Ι.
225 1161 379 1222 Phaedrus
398 1163 524 1239 Augusti
550 1161 677 1224 libertus
695 1181 818 1223 —inon
845 1164 918 1223 satis
945 1168 1069 1232 constat,

105 1249 170 1307 eius
190 1248 242 1326 qui
264 1248 380 1326 primus
401 1244 458 1306 hdo
484 1263 594 1307 nomen
620 1249 736 1327 accepit
756 1264 793 1306 an
814 1247 998 1308 successoris
1018 1245 1069 1306 'li-

106 1329 184 1390 berii
198 1362 242 1373 -
256 1335 343 1390 natus
364 1336 424 1399 est,
447 1332 596 1390 incertum
617 1348 675 1408 quo
691 1348 783 1399 anno,
805 1332 837 1390 in
854 1335 953 1391 monte
969 1329 1070 1390 Pierio

105 1413 184 1492 apud
209 1412 394 1473 Macedonas.
444 1411 527 1472 Idem
555 1420 659 1473 tenera
687 1413 784 1474 adbuc
809 1418 907 1474 aetate
931 1414 964 1473 in
990 1415 1070 1473 ocei-

105 1497 225 1557 dentem
239 1495 437 1556 videturesse
454 1494 583 1565 delatus,
601 1502 634 1555 ut
652 1498 703 1575 qui
719 1498 784 1576 ipsc
800 1503 928 1567 asserat,
938 1513 1071 1573 puerum

104 1599 136 1642 se
163 1580 273 1657 legisse
303 1581 335 1639 in
358 1579 458 1640 schola
482 1578 560 1640 Enni
588 1579 737 1658 quendam
763 1597 898 1651 versum,
926 1581 988 1641 sive
1012 1579 1072 1640 llo-

105 1683 171 1725 mae
197 1664 228 1725 id
255 1664 314 1724 luit
341 1665 402 1724 sive
429 1665 529 1742 potius
556 1662 638 1723 alibi.
683 1663 794 1724 Romae
821 1666 902 1725 enim
928 1663 1007 1724 baud
1029 1666 1072 1724 ita

103 1748 229 1809 multum
250 1753 319 1827 post
332 1747 457 1824 Vergilii
477 1755 508 1808 et
524 1747 640 1807 Horatii
663 1746 762 1808 obitus
783 1747 930 1808 sublatam
951 1749 1072 1809 omnino

105 1851 122 1892 e
137 1831 216 1892 ludis
232 1833 422 1911 antiquorum
435 1833 611 1891 memoriam
626 1831 769 1891 docemur
784 1833 829 1892 eis
842 1849 918 1910 quae
934 1831 971 1893 de
987 1830 1070 1891 Vale·

104 1918 151 1975 rio
175 1912 290 1983 Probo,
317 1914 447 1974 Phaedri
473 1915 605 1993 aequali,
638 1914 731 1975 tradit
757 1914 917 1975 Suetonius
944 1913 1002 1995 [de
1028 1914 1070 1974 ill.

104 2016 228 2076 gramm.
243 1994 311 2076 24].
356 1996 495 2057 Ceterum
517 1996 569 2057 ubi
589 1999 622 2056 in
636 1997 780 2057 familiam
801 1998 961 2059 Caesarum
975 2004 1072 2057 trans·

104 2084 155 2151 iit,
183 2087 214 2141 et
239 2080 409 2142 liberalium
435 2083 544 2142 artium
570 2081 669 2142 studio
697 2089 727 2142 et
752 2080 928 2143 dexteritate
955 2099 1072 2142 morum

105 2166 204 2226 effecit
218 2173 252 2225 ut
265 2164 404 2225 libertate
423 2165 595 2226 donaretur.

169 2249 231 2309 lam
251 2256 396 2326 regnante
413 2248 538 2309 Tiberio
558 2266 626 2309 cum
648 2248 720 2309 bina
739 2248 908 2310 fabularum
923 2248 1072 2310 volumina

104 2335 267 2402 emisisset,
288 2331 390 2393 Seiani
409 2333 516 2393 fraude
538 2339 583 2392 est
604 2334 834 2394 circumventus.
878 2333 972 2393 Erant
991 2336 1072 2394 enim

104 2419 136 2477 in
162 2419 207 2477 eis
226 2434 302 2496 quae
324 2435 340 2477 a
362 2417 483 2477 civitate
504 2418 653 2476 serviente
675 2423 706 2476 et
727 2423 834 2477 cuncta
849 2417 1009 2494 malignius
1024 2419 1071 2478 in·

104 2507 290 2581 terpretante
309 2500 389 2561 haud
410 2499 597 2560 incommode
620 2505 742 2580 possent
762 2500 842 2560 ssecti
863 2503 896 2561 in
911 2500 966 2561 bos
979 2503 1070 2582 ipsos,

103 2592 138 2644 ut
157 2592 229 2662 puta
250 2601 327 2662 quae
349 2582 386 2643 de
407 2585 492 2643 ranis
511 2600 614 2660 regem
635 2582 808 2663 petentibus
830 2585 876 2643 vel
898 2584 935 2645 de
950 2586 1072 2661 graculo

105 2666 299 2747 superbiente
319 2673 509 2746 prompserat
524 2668 667 2745 scriptor,
688 2685 726 2727 ne
744 2667 801 2728 alia
816 2667 974 2746 pleraque,
996 2686 1071 2746 quae

106 2754 251 2832 pravitate
281 2752 483 2815 conscientiae
514 2758 565 2812 aut
593 2751 764 2830 suspicandi
794 2753 962 2812 temeritate
992 2751 1071 2811 trahi

103 2843 228 2917 potuere
243 2837 275 2895 in
290 2837 422 2905 crimen,
438 2852 518 2895 nuno
533 2842 697 2911 tangamus.
742 2833 827 2904 Quod
842 2852 910 2895 cum
924 2836 965 2895 ita
981 2842 1070 2904 esset,

104 2938 121 2980 a
142 2920 250 2980 Seiano
276 2918 322 2978 vel
352 2917 514 2979 clientibus
534 2919 632 2998 ipsius
651 2920 826 2979 maiestatis
845 2928 890 2978 est
916 2926 1073 2980 accusatus

104 3004 318 3081 damnatusque
338 3001 417 3062 haud
439 3002 545 3072 dubie,
573 3004 630 3062 etsi
657 3002 694 3062 de
714 3020 809 3081 poena
835 3003 901 3061 eius
919 3020 979 3062 non
999 3004 1073 3063 satis

104 3093 229 3148 constet.
274 3085 379 3165 Neque
402 3104 475 3146 vero
494 3086 655 3146 interiecto
671 3086 779 3146 Seiano
794 3087 984 3146 inimicorum
1004 3086 1072 3146 odio

103 3178 134 3230 et
153 3171 351 3230 insectatione
373 3172 471 3230 caruit
490 3170 587 3239 idern,
608 3169 718 3248 quibus
738 3169 899 3230 obnoxium
915 3189 947 3231 se
961 3170 1071 3230 identi-

103 3255 172 3314 dem
192 3255 304 3314 latetur
324 3253 403 3314 libro
418 3255 518 3315 tertio.
556 3254 643 3314 lluno
658 3272 725 3315 cum
739 3253 877 3314 leniendo
892 3253 986 3314 dolori
1002 3272 1071 3315 con·

102 3339 270 3418 posuisset,
293 3337 427 3417 Eutycho
450 3338 569 3398 cuidam
591 3339 746 3416 inscripsit
764 3336 874 3397 liberto
889 3337 920 3398 C.
938 3337 1077 3399 Caesaris

102 3422 150 3482 vel
173 3421 288 3483 Claudii
309 3439 399 3503 quem
426 3421 515 3482 simul
535 3428 570 3482 ut
588 3439 623 3482 se
641 3421 822 3481 uindicaret
837 3416 1104 3490 mmmmmx-
