2346 3840
154 170 193 227 32
436 179 597 236 PHAEDRI
616 179 842 237 nnumin
872 212 873 216 =

155 329 350 409 Persequitur
365 328 449 390 ilium
462 329 537 389 dura
551 329 607 389 lati
621 329 752 389 miseria.

199 414 274 474 Galli
290 412 425 493 Cybebes
441 414 554 474 circum
568 415 601 473 in
615 421 757 493 quaestus
772 413 883 476 ducere

158 492 280 558 irinum
294 496 429 559 solebant
444 495 628 558 baiulantem
643 499 786 558 sarcinas.

155 581 184 642 ls
198 600 267 642 cum
280 580 384 641 labore
400 587 431 640 et
444 581 540 659 plagis
555 588 635 641 esset
649 587 793 652 mortuus,

155 664 294 726 Detracta
309 664 387 744 pelle
403 663 464 724 sibi
477 665 616 725 fecerunt
630 671 778 744 tympana.

156 749 261 825 Rogati
278 767 346 809 mox
360 768 377 809 a
391 747 535 827 quodam,
551 748 659 809 delicio
675 766 728 809 suo

156 830 303 903 Quidnam
317 833 474 903 fecissent,
490 833 547 892 boc
561 832 652 894 locuti
667 839 737 894 sunt
751 834 856 896 modo:

156 916 283 977 Putabat
297 935 329 977 se
344 925 411 996 post
426 923 504 977 mort
504 935 552 977 em
567 934 706 977 securum
719 917 801 987 lore;

155 1000 233 1061 Ecce
249 1001 324 1063 aliae
339 1001 443 1080 plagae
459 1007 662 1078 congeruntur
676 1010 804 1062 mortuo.

509 1152 704 1245 aaaron
724 1152 767 1212 11.

560 1250 712 1302 Pomm.

197 1335 331 1396 Ioculare
345 1335 403 1397 tibi
417 1335 551 1404 ridetur,
568 1342 599 1395 et
612 1352 683 1394 saue
698 1334 765 1405 levi,

155 1419 234 1480 Dum
248 1419 323 1481 nihil
337 1419 483 1481 habemus
497 1421 605 1489 maius,
622 1419 735 1479 calamo
750 1419 893 1492 ludimus.

156 1503 216 1564 Sed
231 1503 389 1581 diligenter
403 1506 522 1564 intuere
537 1504 592 1564 bas
605 1505 724 1564 nenias:

155 1585 302 1657 Quantam
317 1587 373 1649 sub
387 1588 447 1649 illis
462 1587 621 1652 utilitatem
637 1588 786 1665 reperies!

156 1670 222 1731 Non
236 1688 355 1751 semper
366 1690 400 1731 ea
415 1678 497 1741 sunt,
514 1689 590 1751 quae
604 1670 760 1740 videntum
777 1671 890 1748 decipit

156 1755 252 1816 Frons
266 1758 366 1833 prima
380 1755 502 1815 multos:
526 1772 594 1814 rara
608 1771 693 1813 mens
706 1753 866 1832 intellegit,

155 1837 240 1908 Quod
256 1840 399 1898 interiore
416 1838 551 1899 condidit
566 1855 638 1898 cura
653 1837 773 1914 angulo.

156 1922 218 1981 Hoc
233 1940 271 1983 ne
284 1922 401 1983 locutus
415 1925 480 1983 sine
495 1922 634 1983 mercede
650 1923 812 1992 existimer,

156 2005 307 2068 Fabellam
322 2007 449 2068 adiciam
464 2007 500 2068 de
515 2006 641 2068 mustela
657 2012 687 2066 et
700 2005 847 2067 muribus.

198 2091 321 2152 Mustela
337 2109 405 2152 cum
420 2094 504 2152 annis
519 2099 550 2151 et
564 2097 684 2151 senecta
699 2089 807 2150 debilis

155 2175 255 2235 Mures
269 2175 385 2235 veloces
398 2192 458 2235 non
474 2174 584 2234 valeret
598 2174 732 2252 adsequi,

156 2257 281 2319 Involvit
295 2275 328 2319 se
342 2257 440 2317 larina
454 2264 486 2318 et
498 2257 626 2318 obscuro
641 2257 705 2317 loco

156 2340 274 2412 Abiecit
288 2340 491 2419 neglegenter.
521 2341 586 2403 Mus
601 2337 700 2403 escam
714 2349 822 2420 putans

157 2425 283 2487 ddsiluit
297 2433 327 2486 et
341 2443 521 2505 conpressus
535 2425 677 2487 occubuit
690 2428 768 2486 neci.

155 2510 238 2571 Alter
252 2509 404 2578 similiter,
420 2509 529 2570 deinde
543 2513 624 2588 perit
638 2515 668 2568 et
682 2511 800 2569 tertius.

156 2593 275 2672 Aliquot
289 2595 401 2654 secutis
414 2596 496 2653 venit
510 2600 540 2653 et
554 2593 729 2662 retorridus,

156 2675 213 2747 Qui
227 2695 315 2757 saepe
332 2678 453 2758 laqueos
467 2685 498 2738 et
512 2676 677 2757 muscipula
692 2678 854 2754 effugerat3

156 2760 322 2842 Proculque
338 2763 462 2822 insidias
477 2779 603 2821 cernens
617 2761 711 2822 hostis
726 2761 842 2821 callidi.

156 2845 207 2906 Sic
222 2845 334 2916 valeas,
351 2847 464 2924 inquit,
479 2851 513 2904 ut
527 2845 624 2905 lerina
639 2862 686 2913 es,
703 2863 779 2924 quae
794 2845 889 2905 iaces!

504 2994 697 3055 rABvLA
718 2996 775 3057 ΠΙ.

431 3094 490 3146 ΒΕ
507 3094 651 3145 vvm
668 3094 723 3154 ΕΤ
741 3095 844 3152 VVA.

198 3179 289 3240 Fame
306 3186 407 3240 coacta
423 3180 526 3259 vulpes
542 3180 599 3252 alta
613 3182 646 3240 in
660 3182 746 3239 vinea

155 3262 246 3325 Vnam
262 3262 421 3342 adpetebat
436 3267 560 3326 summis
575 3264 685 3325 saliens
700 3261 832 3341 viribus}

155 3346 251 3417 Quam
266 3356 387 3426 tangere
403 3355 510 3409 utnon
524 3349 634 3427 potuit,
651 3345 808 3407 discedens
823 3359 880 3409 art:

125 3459 128 3463 ·
156 3431 295 3495 Nondum
308 3438 423 3494 matura
438 3439 500 3504 est;
515 3431 583 3493 nolo
598 3430 736 3492 acerbam
750 3449 880 3494 sumere.
