2346 3840
486 231 679 290 APPENDIX.

102 380 212 441 Omnes
226 382 328 442 surore
342 381 430 461 piena
445 388 531 442 vocat
545 389 576 443 et
589 381 716 443 verbera

101 465 246 545 Proponit
260 467 378 542 gravia,
394 483 496 525 verum
512 467 613 526 sinon
629 467 769 527 dixerint.

102 548 176 609 Aliis
190 550 318 617 minare,
336 567 383 609 me
399 557 481 610 certe
496 549 575 610 haud
590 549 688 619 falles,
705 553 756 620 ait,

103 632 219 708 Flagris
234 650 300 693 sum
315 650 434 703 caesus,
449 651 553 694 verum
568 634 638 713 quia
654 634 715 694 dixi
730 633 827 694 mode.

436 784 630 845 FABVLA
651 785 732 845 XVI.

183 880 349 933 GALLVS
366 881 549 933 memma
566 883 597 934 A
613 881 794 934 musve
811 881 987 935 VEOOEVS.

127 961 251 1015 Nimiam
268 961 448 1017 securitatem
466 978 550 1031 saepe
567 962 597 1014 in
614 961 771 1030 perieulum
788 961 914 1018 homines
933 963 1043 1019 ducere.

144 1049 230 1110 Feles
245 1049 375 1110 habebat
388 1050 484 1128 gallus
497 1051 676 1112 lecticarios.

102 1133 188 1193 Hunc
202 1133 366 1211 gloriosum
379 1135 484 1214 vulpes
499 1141 532 1194 ut
546 1133 620 1194 vidit
633 1135 711 1205 vehi,

103 1217 153 1277 Sic
167 1223 212 1278 est
227 1217 338 1278 locuta:
368 1217 474 1278 Moneo
488 1235 666 1297 praecaveas
681 1218 797 1290 dolum;

102 1296 229 1362 istorum
243 1301 341 1362 vuitus
356 1320 484 1381 namque
500 1305 526 1363 si
541 1302 724 1373 consideras,

102 1385 247 1445 Praedam
260 1393 381 1465 portare
396 1386 528 1456 iudices,
544 1404 605 1447 non
620 1387 778 1448 sarcinam.

511 1498 656 1538 *ss*

143 1586 302 1665 Postquam
318 1588 433 1648 esurire
449 1589 547 1667 coepit
561 1605 647 1647 saeva
663 1589 800 1658 societas,

102 1670 269 1751 Discerpsit
284 1671 436 1732 dominum
451 1679 481 1732 et
496 1671 568 1732 iecit
583 1677 684 1751 partes
698 1672 852 1731 facinoris.

427 1823 620 1884 FABVLA
641 1823 738 1884 XVII.

237 1918 401 1973 SOROE'A
417 1919 692 1971 mmmmm
709 1920 765 1972 ET
783 1919 932 1972 LVPVS.

179 1998 349 2055 Faciendum
365 1999 443 2069 prius
460 2000 581 2055 hominis
597 1999 764 2068 periculum,
782 2015 868 2066 quam
885 1999 944 2054 eius
961 1999 991 2054 ts

456 2067 616 2121 committas
634 2066 708 2120 fidei.

144 2154 303 2216 Premente
318 2162 406 2234 partu
420 2157 517 2217 scrofa
532 2174 600 2217 cum
614 2161 749 2233 gemeret
762 2156 873 2225 iacens,

104 2239 241 2299 Accurrit
256 2239 343 2318 iupus
358 2247 389 2300 et
402 2239 574 2300 obstetricis
586 2238 724 2319 partibus

104 2322 142 2382 Se
157 2340 245 2402 posse
260 2323 344 2400 iungi
361 2323 450 2393 dixit,
466 2325 644 2402 promittens
658 2341 736 2403 open

103 2405 184 2476 Quae
200 2424 271 2466 vero
286 2412 388 2465 nosset
402 2408 533 2485 pectoris
548 2407 684 2468 fraudem
699 2406 828 2485 inprobi,

104 2489 282 2569 Suspectum
298 2489 428 2550 officium
442 2489 610 2569 repudiavit
624 2489 749 2551 malefici

102 2573 155 2633 Et:
186 2573 265 2646 Satis
280 2580 339 2642 est,
354 2574 465 2653 inquit,
482 2574 509 2634 si
524 2574 647 2635 recedes
661 2575 789 2652 longius.

103 2655 187 2725 Quod
203 2658 227 2717 si
241 2657 385 2736 perfidiae
400 2677 433 2718 se
449 2659 647 2720 commisisset
660 2658 735 2737 lupi,

103 2738 209 2801 Partus
225 2740 326 2801 dolore
340 2741 402 2801 fata
418 2740 586 2820 conplesset
601 2760 663 2805 sua.

420 2876 614 2937 FABVLA
635 2877 748 2938 XVHI.

235 2975 427 3026 AESOPVS
443 2976 499 3026 m*
517 2974 682 3026 SERVVS
697 2973 1017 3027 Pnonvnvsm»

314 3054 378 3109 Non
395 3070 455 3109 esse
471 3053 547 3108 melo
568 3053 729 3108 cadendum
745 3054 860 3109 melum

146 3141 256 3202 Servus
269 3144 445 3221 profugiens
459 3142 612 3202 dominum
627 3148 751 3203 naturae
767 3160 901 3222 asperae,

104 3227 220 3305 Aesopo
235 3228 367 3286 occurrit
380 3234 469 3287 nctus
483 3244 500 3285 e
515 3227 634 3287 vicinia.

103 3308 181 3378 Quid
197 3316 230 3369 tu
245 3311 404 3370 confusus?
433 3309 536 3370 Dicam
551 3309 609 3370 tibi
625 3310 720 3379 clare,
737 3317 833 3388 pater,

103 3392 166 3452 Hoc
181 3410 308 3471 namque
324 3412 357 3454 es
373 3394 481 3472 dignus
496 3394 643 3473 appellari
657 3394 788 3462 nomine,

103 3475 180 3535 Tuto
195 3476 316 3555 querela
331 3479 401 3557 quia
415 3477 496 3559 apud
508 3484 541 3540 te
557 3478 739 3561 deponitur.
