2346 3840
101 202 140 266 18
379 208 541 264 PHAEDRI
561 209 785 266 FABVLARVM

100 361 207 438 Magno
221 359 253 419 in
268 358 383 438 periclo
397 360 458 419 rita
473 365 608 419 vertetur
622 365 683 421 tua.

100 445 181 505 llaec
196 446 276 504 inter
290 445 355 522 ipse
370 443 538 504 dominusa
552 460 626 504 cena
639 442 720 504 redit

100 528 153 598 Et,
169 530 240 607 quia
255 533 412 606 comuptos
426 527 541 587 viderat
555 544 651 606 nuper
665 526 766 596 bores,

101 611 224 673 Accedit
238 610 275 671 ad
289 628 450 689 praesepe:
481 611 541 672 Gur
554 610 669 672 frondis
682 629 791 690 parum
806 617 860 682 cst,

103 695 270 756 Stramenta
285 694 410 754 desunt?
436 692 553 755 'l'ollere
567 694 642 756 haec
657 712 766 756 aranea

102 778 251 849 Quantum
266 784 312 839 est
325 777 455 839 laboris?
482 778 559 839 Dum
574 786 723 840 scrutatur
738 778 862 858 singula,

103 863 189 924 Cerri
204 879 321 942 quoque
336 862 394 923 alta
410 865 600 942 conspicatur
614 881 742 934 cornua;

103 946 197 1016 Quem
211 952 369 1007 convocata
387 945 473 1012 iubet
488 947 584 1006 occidi
599 947 712 1007 familia

102 1030 305 1109 Praedamque
320 1030 405 1090 tollit.
436 1029 515 1089 llaec
530 1030 678 1108 significat
691 1028 801 1100 fabula,

103 1113 261 1174 llominum
276 1112 379 1174 videre
394 1113 556 1191 plurimum
571 1116 604 1174 in
618 1112 711 1175 rebus
724 1116 796 1176 suis.

427 1239 428 1242 ‘
494 1263 676 1316 avaron.

147 1366 255 1445 Aesopi
269 1367 392 1443 ingenio
407 1371 534 1425 statuam
546 1382 673 1444 posuere
688 1366 780 1427 Attici

105 1449 289 1529 Servumque
305 1449 486 1510 collocarunt
501 1455 621 1509 aeterna
635 1451 667 1509 in
683 1448 759 1521 basi,

104 1534 211 1595 Patere
225 1533 332 1595 honori
347 1535 459 1593 scirent
473 1540 507 1593 ut
521 1535 620 1593 cuncti
634 1534 713 1594 riam

104 1617 166 1680 Nec
181 1619 286 1695 generi
300 1616 408 1687 tribui,
425 1616 477 1678 sed
491 1619 610 1686 virtuti,
626 1617 762 1694 gloriam.

105 1700 249 1772 Quoniam
264 1707 424 1779 occuparat
438 1700 527 1769 alter,
543 1718 581 1759 ne
595 1703 710 1778 primus
724 1702 829 1771 iorem,

105 1785 149 1846 Ne
165 1782 246 1846 solus
260 1791 354 1853 esset,
371 1783 486 1854 studui;
501 1783 582 1863 quod
597 1784 759 1862 superfuit:

106 1869 168 1930 Nec
182 1868 255 1928 haec
269 1867 395 1936 invidia,
412 1883 516 1927 verum
531 1873 576 1927 est
590 1867 757 1929 aemulatio,

106 1951 190 2022 Quod
206 1953 232 2012 si
246 1951 343 2011 labori
357 1951 465 2012 laverit
477 1951 595 2012 Latium
609 1970 685 2022 meo,

106 2037 210 2098 Plures
223 2034 363 2105 habehit,
379 2053 454 2115 quos
468 2042 597 2115 opponat
612 2035 765 2097 Graeciae.

107 2120 140 2181 Si
153 2121 229 2181 livor
244 2118 412 2180 obtrectare
425 2136 529 2179 curam
543 2119 678 2188 voluerit,

107 2204 173 2265 Non
186 2210 286 2263 tamen
302 2205 412 2281 eripiet
424 2201 520 2263 laudis
535 2204 757 2263 conscientiam,

109 2286 141 2348 Si
156 2293 292 2347 nostrum
306 2285 438 2347 studium
452 2285 489 2345 ad
505 2303 592 2346 aures
605 2285 701 2346 cultas
715 2288 853 2366 pervenit

107 2371 146 2432 Et
160 2376 222 2431 arte
237 2371 322 2431 fictas
336 2371 453 2431 animus
467 2371 559 2430 sentit
572 2367 697 2440 fabulas,
791 2391 793 2396 ·

109 2456 233 2517 Omnem
247 2453 399 2533 querelam
412 2452 571 2514 submovet
584 2454 722 2514 felicitas,

109 2539 161 2600 Sin
177 2545 276 2599 autem
291 2538 395 2598 doctus
408 2537 467 2598 illis
481 2539 614 2599 occurrit
626 2536 720 2607 labor,

110 2622 235 2683 Sinistra
250 2639 325 2700 quos
338 2623 370 2682 in
384 2620 481 2682 lucem
494 2627 600 2682 natura
615 2620 720 2682 extulit

111 2705 188 2786 [Nec
202 2707 361 2785 quicquam
375 2712 500 2784 possunt
514 2707 573 2766 nisi
587 2704 726 2766 meliores
741 2701 892 2785 carpere]

110 2790 209 2852 Fatale
223 2791 329 2851 vitium
344 2789 434 2849 corde
449 2789 553 2850 durato
567 2790 670 2858 leram,

110 2874 210 2936 llonec
224 2874 375 2934 fortunam
389 2874 525 2933 criminis
538 2872 647 2951 pudeat
660 2874 718 2933 sui.
