2346 3840
314 232 362 287 Dn
376 232 540 287 PHAEDRI
551 231 640 287 VITA
653 230 702 286 ΕΤ
714 229 882 288 scaffnis.
973 186 976 191 Ι
1026 241 1078 292 vn

114 384 230 463 Aesopo
250 383 296 443 vel
316 383 434 444 aliunde
454 382 606 444 transtulit
625 387 729 443 auctor
747 383 856 462 partim
870 381 1010 441 novavit'
1001 397 1077 457 ipsc,

113 468 273 548 aliquando
287 468 434 528 iudicium
449 467 617 536 desideres,
633 484 690 527 nec
704 484 775 527 vero
789 467 1004 546 proprietatem
1017 463 1089 560 logi

115 554 236 632 Aesopii
257 554 329 614 satis
347 559 430 613 recte
451 558 502 613 aut
522 553 711 631 perspexisse
732 556 784 611 aut
797 556 986 630 perspectam
1001 506 1089 644 optijl

114 639 217 697 nuisse
232 637 351 698 videtur
369 636 459 697 idem
502 635 556 696 Est
574 642 674 695 tamen
688 633 742 695 ubi
763 637 896 695 carmina
918 635 983 693 eius
997 631 1078 690 omni

113 721 262 797 elegantia
281 720 417 781 ssoreant.
462 720 578 781 Genere
604 719 723 780 dicendi
748 721 844 779 utitur
864 725 897 778 ut
916 716 1078 797 plurimum

114 804 196 865 facili
222 811 252 864 et
278 803 411 874 urbano,
445 803 603 882 aliquando
630 820 700 863 sanc
731 821 838 901 parum
867 800 990 862 subacto
1021 814 1077 858 nec

114 888 189 947 satis
207 887 285 947 laeto
305 894 356 947 aut
375 886 483 947 vivido.
525 885 558 946 ld
572 887 677 946 vitium
691 888 819 947 maxime
839 885 992 946 declarant
1009 881 1076 942 abs·

114 977 208 1031 tracta
233 971 331 1050 posita
356 988 411 1051 pro
436 971 586 1033 concretis
615 969 715 1049 qualia
746 969 840 1030 habes
869 967 1005 1029 versibus
1028 966 1077 1026 bis
1152 967 1153 971 ’

112 1057 194 1115 ‘tum
208 1054 329 1116 demum
342 1056 488 1133 ingemuit
507 1055 590 1114 corvi
604 1053 747 1134 deeeptus
760 1054 881 1132 stuper'
908 1053 970 1113 ‘sic
984 1057 1077 1111 totam

114 1138 256 1219 praedam
270 1138 332 1200 sola
346 1139 514 1220 inprobitas
527 1138 667 1199 abstulit'
688 1138 766 1199 aliis
801 1136 884 1198 ldem
904 1135 983 1216 quod
997 1133 1077 1197 baud

114 1225 156 1283 ita
170 1240 241 1282 raro
255 1240 361 1300 graeca
375 1222 518 1284 vocabula
533 1221 684 1291 adhibuit,
700 1221 871 1283 fabularum
885 1239 939 1300 per
953 1220 1077 1280 humum
1100 1186 1121 1356 h

113 1308 284 1387 repentium
300 1305 344 1382 (nt
357 1308 472 1368 Horatii
487 1305 588 1367 verbis
602 1305 679 1384 utar)
695 1307 879 1385 proprietate
901 1312 931 1364 et
944 1319 1076 1364 commu·

114 1391 162 1451 nis
181 1393 260 1452 ritae
280 1409 337 1452 usu
357 1393 431 1452 satis
451 1397 619 1451 excusatur.
663 1390 753 1451 Valde
774 1388 893 1450 excellit
913 1388 1002 1448 metri
1023 1403 1076 1464 pe·

114 1475 200 1544 ritia,
228 1481 262 1535 ut
281 1480 381 1535 tamen
400 1492 505 1534 versus
524 1477 589 1534 eius
609 1491 681 1534 cura
701 1475 889 1552 potissimum
911 1479 942 1532 et
962 1469 1075 1538 labore,

111 1562 174 1617 hon
196 1556 321 1635 perinde
341 1560 439 1618 nativo
460 1557 586 1636 quodem
607 1557 709 1636 lepore
730 1554 830 1635 (quem
850 1558 962 1616 sentias
981 1555 1077 1630 magis

112 1659 203 1720 quam
224 1640 386 1722 describas)
407 1648 560 1721 praestare
581 1642 626 1701 ex'
646 1642 758 1701 timem.
800 1639 859 1700 Sed
880 1639 917 1700 de
938 1638 986 1698 bis
1005 1655 1075 1717 pro·

113 1726 194 1786 ximo
210 1727 307 1805 capite
322 1726 512 1787 disseremus.
560 1659 644 1869 J

176 1808 215 1869 ll.
252 1808 327 1870 Nam
352 1828 421 1871 cum
436 1807 559 1870 Teubne
599 1827 627 1879 s,
656 1807 818 1888 bibliopola
839 1807 1074 1876 honestissimus,

113 1907 162 1952 me
176 1901 311 1970 rogasset
330 1899 364 1953 ut
377 1893 506 1954 Phaedri
521 1891 649 1953 Fabulas
668 1892 853 1953 aDrcsslero
868 1892 964 1952 editas
978 1891 1076 1951 denno

58 1993 61 1998 ·
115 1989 374 2052 recognoscerem,
396 1977 536 2056 equidem
549 1977 678 2036 manime
693 1978 725 2036 ιιι
740 1994 776 2036 co
796 1976 981 2054 diligentiam
995 1975 1075 2053 posi·

114 2065 175 2119 tam
195 2057 274 2118 volni
294 2066 327 2119 ut
346 2061 470 2120 metrica
492 2077 541 2120 ars
560 2065 666 2139 poetae
681 2059 777 2138 qualis
793 2066 873 2120 esset
887 2060 1006 2119 tandem
1022 2059 1075 2119 ali·

113 2142 233 2221 quando
250 2143 339 2220 plene
365 2150 533 2223 appareret.
574 2143 677 2221 ltaque
702 2145 833 2223 primum
854 2145 987 2203 omnium
1006 2161 1075 2222 pro·

114 2226 227 2304 mythia
248 2227 413 2287 carminum
433 2244 450 2286 a
468 2227 588 2287 Perotto
609 2233 794 2288 servatorum
813 2229 846 2288 in
863 2234 990 2289 metrum
1006 2245 1075 2288 con·

112 2317 193 2370 torta
223 2327 239 2370 a
268 2310 418 2372 nonnullis
446 2311 578 2390 pedestri
609 2312 735 2371 orationi
763 2313 900 2381 restitui,
932 2329 987 2371 nec
1016 2329 1076 2372 non

114 2392 231 2454 fabulas
257 2394 294 2454 de
315 2394 440 2455 Romulo
467 2394 514 2455 vel
540 2394 658 2455 aliunde
680 2396 807 2456 adscitas
836 2403 866 2456 et
888 2395 976 2456 Gudii
999 2395 1074 2455 Bur·

115 2478 217 2538 manni
238 2477 385 2539 Dressleri
411 2496 502 2558 opera
526 2477 665 2538 versibus
690 2485 824 2539 exaratas
844 2478 1027 2540 foedissimis
1046 2486 1077 2538 et

114 2558 153 2619 ab
181 2567 245 2621 arte
270 2560 400 2624 Phaedri
428 2562 619 2622 alienissimis
645 2563 721 2622 eieci
747 2581 864 2633 omnes,
895 2581 963 2623 cum
988 2581 1076 2641 prae·

115 2645 221 2702 sertim
248 2661 286 2703 ne
311 2646 368 2704 hoc
388 2645 509 2723 quidem
536 2652 615 2706 esset
640 2655 792 2724 apertum,
822 2664 858 2706 ex
877 2648 968 2708 huius
989 2645 1076 2706 libris

115 2728 243 2804 integris
264 2745 302 2787 an
322 2727 440 2788 aliunde
460 2727 566 2790 ductae
589 2737 689 2789 essent
702 2729 872 2810 pleraeque.
908 2729 975 2808 lpse
995 2731 1075 2790 enirn

115 2827 154 2870 ne
174 2817 351 2891 temptarem
372 2814 404 2871 in
426 2812 532 2873 melius
556 2813 622 2872 illas
645 2813 793 2891 reingere
815 2812 988 2892 prohibitus
1009 2831 1075 2874 sum

115 2896 245 2973 primum
270 2913 307 2954 eo
334 2895 413 2974 quod
438 2895 484 2956 vel
505 2897 570 2957 sine
598 2896 659 2957 illis
686 2899 757 2958 satis
781 2915 929 2977 superque
955 2915 1074 2976 poema·

114 2986 180 3037 tum
200 2984 360 3057 suppetere
374 2979 527 3040 constabat
541 2981 609 3040 usui
623 2981 806 3052 scholarum,
827 2981 935 3042 deinde
949 2982 1028 3061 quod
1043 2982 1075 3042 in

114 3069 197 3122 tanta
217 3061 335 3123 Romuli
361 3069 391 3122 et
416 3067 555 3143 anonymi
574 3063 737 3125 Nilantiani
760 3064 899 3126 barbaric
924 3073 975 3127 aut
1000 3082 1075 3126 nova

114 3163 182 3204 meo
200 3147 334 3224 periculo
355 3147 547 3226 conponenda
562 3166 628 3208 esse
642 3147 780 3209 videbam
806 3152 937 3210 carmina
962 3158 1014 3210 aut
1037 3149 1074 3209 il·

114 3227 173 3287 lam
187 3236 352 3290 metrorum
372 3228 594 3311 dictionumque
614 3233 807 3293 vitiositatem
821 3233 1008 3295 retinendam
1024 3236 1074 3296 cui

114 3313 232 3389 priores
246 3312 443 3376 indulserant
472 3314 574 3396 ltaque
590 3334 712 3394 operam
725 3335 830 3379 ιιιιιιιι
844 3335 900 3378 nec
914 3325 966 3378 aut
979 3319 1074 3379 Phae·

114 3395 169 3455 dro
184 3399 257 3454 aut
248 3399 345 3474 ipsius
359 3397 499 3459 studiosis
513 3399 700 3499 profuturam
715 3403 774 3461 cito
787 3402 934 3462 damnavit
944 3405 1072 3464 animus.

113 3478 253 3540 Ceterum
264 3498 300 3540 co
311 3481 424 3542 maiore
437 3499 509 3543 cura
520 3484 594 3556 cavi
606 3486 662 3545 ut
654 3501 691 3545 ιιι
701 3483 1103 3545 sineertstahxmsusees
