2346 3840
474 218 583 273 LIBER
602 218 625 276 1.

72 369 175 432 Facile
189 369 365 448 inpetravit:
389 367 459 428 dein
473 368 644 445 reposcenti
659 367 757 428 locum

73 455 183 515 Preces
197 453 342 521 admovit,
358 457 477 529 tempus
491 468 616 510 exorans
632 449 732 519 breve,

74 537 149 598 Dum
163 538 311 597 firmiores
325 535 438 594 catulos
452 539 553 612 posset
568 534 687 594 ducere.

73 621 139 680 lloc
153 637 270 700 quoque
285 627 458 696 consumpto
474 617 608 694 flagitare
623 617 751 678 validius

75 703 180 765 Cubile
196 705 304 782 coepit.
330 701 362 762 Si
376 702 453 761 mihi
468 708 498 760 et
512 700 617 761 turbae
631 719 715 762 meae

74 788 146 859 Par,
161 789 274 867 inquit,
291 803 356 846 esse
371 786 519 864 potueris,
536 785 638 845 cedam
653 783 730 845 loco,

311 1000 314 1005 ,
416 933 608 992 FABVLA
628 935 693 993 XX.

370 1031 506 1083 GARES
523 1031 741 1084 FAMELIOI.

119 1119 247 1180 Stultum
264 1116 423 1177 consilium
437 1134 496 1175 non
512 1116 598 1175 modo
614 1117 719 1176 ellectu
732 1123 823 1187 caret,

77 1203 136 1263 Sed
151 1203 188 1263 ad
202 1202 368 1281 perniciem
383 1216 501 1279 quoque
517 1199 657 1259 mortales
672 1200 803 1261 devocat.

120 1287 239 1348 Corium
253 1285 427 1363 depressum
442 1285 474 1343 in
485 1283 574 1343 liuvio
588 1283 729 1343 viderunt
743 1302 841 1346 canes

76 1370 110 1431 ld
126 1376 158 1429 ut
172 1385 304 1429 comesse
320 1373 485 1428 extractum
499 1373 621 1446 possent
635 1367 760 1437 facilius,

77 1456 192 1532 Aquam
205 1468 332 1530 coepere
349 1448 486 1510 ebibere:
509 1450 562 1509 sed
576 1453 658 1529 rupti
672 1453 757 1529 prius
834 1475 838 1480 ·

78 1537 216 1606 Periere,
232 1552 320 1613 quam
335 1532 413 1612 quod
428 1534 577 1611 petierant
591 1535 807 1610 contingerent.

414 1683 607 1744 FABVLA
628 1685 707 1743 XXI.

134 1783 218 1835 LEO
237 1781 393 1844 SENEX,
411 1782 540 1844 APER,
559 1781 729 1833 'I'AVRVS
746 1783 801 1833 ET
819 1782 983 1837 ASINVS.

122 1867 307 1948 Quicumque
323 1869 422 1928 amisit
437 1867 611 1945 dignitatem
626 1868 793 1946 pristinam,

81 1953 198 2030 Ignavis
214 1954 303 2012 etiam
317 1953 401 2010 iocus
416 1957 461 2010 est
475 1953 506 2010 in
522 1968 592 2010 casu
607 1953 720 2026 gravi:

124 2035 263 2094 Defectus
278 2036 362 2094 aunis
378 2039 409 2093 et
424 2033 559 2093 desertus
572 2031 688 2093 viribus

81 2119 142 2179 Leo
157 2136 225 2178 cum
239 2121 352 2179 iaceret
366 2119 504 2197 spiritum
520 2124 687 2176 extremum
702 2116 832 2187 trahens,

82 2206 162 2281 Aper
176 2201 327 2262 fulmineis
342 2203 378 2262 ad
393 2219 461 2261 eum
476 2202 557 2261 venit
572 2199 711 2261 dentibus
1025 2210 1042 2262 t

82 2287 120 2346 Et
134 2285 294 2347 vindicarit
308 2288 370 2346 ictu
385 2293 516 2344 veterem
531 2286 681 2347 iniuriam.

83 2370 203 2429 Infestis
217 2377 320 2430 taurus
334 2387 402 2428 mor
418 2368 550 2427 confodit
565 2367 706 2429 cornibus

84 2453 197 2513 Hostile
212 2470 330 2531 corpus.
361 2453 484 2519 Asinus,
499 2458 533 2510 ut
547 2451 622 2510 vidit
635 2451 733 2512 lerum

84 2537 197 2614 lnpune
212 2536 305 2603 laedi,
322 2534 455 2596 calcibus
469 2534 598 2594 frontem
614 2535 737 2595 extudit.
814 2588 824 2601 ,

85 2621 122 2679 m
136 2620 186 2679 ille
202 2621 371 2697 exspirans:
402 2619 507 2677 Fortes
521 2618 642 2694 indigne
658 2619 712 2679 tuli

85 2702 158 2762 blihi
173 2701 331 2762 insultare:
354 2708 399 2769 te,
415 2708 539 2760 naturae
556 2700 692 2770 dedecus,

86 2785 170 2855 Quod
185 2786 266 2846 terre
281 2801 384 2862 cogor,
402 2789 483 2844 certe
498 2783 545 2843 bis
560 2784 662 2843 videor
677 2786 763 2846 mori.

411 2935 601 2994 FABVLA
622 2936 717 2994 XXH.

353 3031 555 3081 MvsumLA
571 3032 626 3081 ΕΤ
644 3032 777 3084 Homo,

129 3119 253 3180 Mustela
268 3117 305 3179 ab
320 3117 440 3178 homine
456 3133 563 3195 prensa
579 3133 646 3175 cum
660 3119 818 3178 instantem
833 3135 937 3183 necem

88 3202 226 3279 Eliugere
240 3202 342 3262 vellet:
372 3199 502 3271 Quaeso,
518 3218 622 3279 parce,
638 3201 749 3278 inquit,
766 3202 849 3272 mibi,

89 3282 170 3354 Quae
185 3284 240 3345 tibi
257 3286 391 3347 molestis
405 3283 542 3345 muribus
556 3301 649 3363 purgo
665 3284 792 3344 domum.

89 3368 254 3446 Respondit
267 3369 333 3428 ille:
362 3369 489 3429 Faceres
504 3371 530 3429 si
545 3385 632 3437 causa
646 3385 722 3436 mea,
869 3376 887 3409 ⁴

92 3451 213 3512 Gratum
229 3459 308 3511 esset
321 3458 352 3512 et
365 3451 513 3513 dedissem
527 3455 644 3513 veniam
659 3452 796 3531 supplici.
