2346 3840
136 241 202 290 VIII
245 181 247 185 Ι
334 231 383 286 ΒΕ
396 230 559 286 PHAEDRI
572 229 660 286 VITA
673 229 720 286 ΕΤ
738 228 905 284 SCRIPTIS.

137 382 170 440 in
185 382 229 440 eis
244 397 320 459 queo
338 380 493 447 codicibus
507 380 671 441 Pithoeano
684 380 885 459 Remensique
902 384 931 438 et
945 376 1099 438 Perottino

138 471 293 524 servantur
312 465 394 541 leges
408 467 550 526 metricae
567 465 603 525 ab
619 473 739 525 auctore
754 481 869 524 summa
884 479 952 522 cum
967 461 1098 521 sollertia

138 547 310 609 observatae
325 549 413 629 plene
428 551 615 629 optinerent,
639 567 712 628 quas
726 548 797 608 ilico
811 549 871 607 iam
885 562 1097 626 proponemus.

522 650 710 711 Breviarium

407 737 571 794 metricae
590 736 663 794 artis
682 733 812 793 Phaedri

266 813 318 897 [ex
336 817 408 878 libri
428 818 465 878 de
485 836 518 878 re
539 820 665 879 metrica
686 817 827 898 opusculo
847 813 971 895 primo].

198 917 352 978 Phaedrus
373 927 405 978 ut
426 921 551 996 inpuros
569 921 736 987 trimetros,
756 937 817 978 non
838 919 954 994 eosqui
969 916 1098 992 tragico·

136 1019 204 1061 rum
217 1001 350 1079 Augusto
365 1003 533 1079 aequalium
548 1002 712 1081 Catullique
733 1019 767 1061 ao
782 1000 917 1060 Bibaculi
937 1006 967 1058 et
980 998 1097 1058 Horatii

136 1103 194 1144 usu
208 1085 438 1156 increbuerant,
463 1087 546 1165 operi
566 1086 736 1155 adhiberet,
765 1086 948 1144 comicorum
963 1090 1097 1142 veterum

137 1168 281 1229 adductus
303 1185 368 1229 esse
387 1176 486 1248 potest
500 1171 595 1230 videri
610 1168 756 1266 exemplo
794 1168 832 1228 Hi
847 1169 928 1228 enim
940 1199 984 1214 ν-
998 1183 1095 1244 gram-

68 1270 71 1275 ·
136 1254 313 1312 matioorum
332 1251 508 1313 Latinorum
530 1253 648 1333 placitis
669 1255 695 1313 si
717 1252 877 1312 credis—
902 1258 936 1310 ut
958 1268 1034 1329 quae
1055 1248 1096 1307 lo-

136 1343 270 1414 quuntur
290 1345 407 1415 sumpta
427 1337 464 1396 de
484 1338 543 1397 vita
563 1345 651 1417 putes
672 1338 777 1397 vitiant
799 1334 931 1395 iambum
952 1332 1097 1394 tractibus

136 1420 315 1499 spondiacis
343 1419 522 1498 Plerumque
538 1429 637 1481 tamen
653 1419 757 1481 dubito
773 1437 811 1479 an
826 1419 896 1498 Syri
912 1420 1014 1497 potius
1028 1434 1096 1476 sen·
1106 1438 1109 1446 =

136 1504 298 1563 tentiarum
317 1522 392 1580 quae
407 1510 471 1564 tum
484 1506 612 1564 maxime
633 1507 666 1565 in
681 1522 732 1564 ore
755 1509 841 1564 erant
854 1503 1021 1571 homtnum,
1045 1517 1097 1560 au·

136 1588 271 1647 ctoritate
292 1588 445 1665 inpulsum
460 1590 588 1648 eundem
602 1596 719 1666 putem,
736 1594 770 1648 ut
785 1587 882 1647 simile
897 1603 991 1662 genus
1005 1584 1096 1644 metri

135 1671 168 1728 in
188 1672 313 1730 materia
334 1670 414 1730 haud
435 1667 477 1730 ita
502 1671 619 1732 diversa
642 1670 808 1731 adhiberet.
856 1669 915 1730 Sed
935 1677 1096 1745 utcumque

135 1770 185 1811 res
199 1752 305 1822 habet,
328 1771 434 1830 magna
449 1761 530 1815 certe
546 1773 615 1815 cum
634 1773 706 1814 cura
726 1753 865 1832 expolitis
878 1754 973 1813 utitur
987 1750 1097 1811 iambis

136 1835 217 1895 idem
237 1843 266 1896 et
287 1838 340 1914 qui
360 1855 377 1896 a
394 1834 493 1897 Plauti
512 1846 542 1897 et
558 1837 694 1898 Terentii
715 1838 835 1916 placitis
855 1836 1016 1916 plurimum
1039 1835 1096 1894 dll-

35 1935 37 1938 ’
136 1919 246 1979 ferant.
291 1919 366 1980 Nam
387 1927 417 1980 et
436 1920 493 1981 hoe
509 1924 619 1982 acriter
641 1923 758 1998 vitavit,
783 1939 822 1981 ne
845 1939 948 1981 versus
969 1920 1096 1980 nimium

136 2010 332 2079 gravarentur
347 2021 438 2064 onere
453 2005 667 2084 spondeorum,
691 2024 766 2085 quos
779 2004 888 2065 iambis
903 2003 1029 2082 aliisque
1044 2019 1096 2080 pe·

137 2085 225 2146 dibus
250 2086 448 2165 frequentatis
474 2090 637 2166 prudenter
662 2090 856 2167 temperavit,
893 2096 924 2148 et
947 2090 1096 2162 insignem

137 2172 217 2229 circa
238 2171 392 2231 solvendas
412 2174 489 2231 arsis
504 2173 550 2233 vel
567 2173 660 2233 thesIs
673 2189 730 2232 nec
744 2173 844 2231 minus
859 2173 941 2231 circa
955 2171 1097 2231 elisiones

137 2259 168 2313 et
182 2254 332 2330 synizeses
348 2253 485 2314 adhibuit
499 2255 695 2333 diligentiam.

199 2335 302 2416 ltaque
323 2355 378 2416 per
398 2355 501 2398 omnes
520 2346 621 2418 partes
635 2340 725 2399 metri
746 2345 867 2416 excepta
886 2338 989 2398 ultima
1008 2354 1097 2416 spon·

137 2420 203 2481 deis
223 2427 253 2480 et
273 2419 383 2481 iambis
397 2424 585 2500 promiscuus
607 2440 678 2482 usus
699 2422 796 2492 adest,
821 2440 855 2482 ea
870 2431 968 2482 tamen
984 2422 1049 2498 lege
1065 2426 1098 2479 ut

137 2505 240 2583 quinto
254 2504 331 2582 pede
346 2506 446 2581 potior
460 2507 500 2566 sit
514 2506 673 2585 spondeus.
718 2505 831 2565 Tamen
851 2512 882 2565 et
900 2506 945 2566 ibi
966 2505 1097 2566 admitti·

136 2594 186 2647 tur
200 2585 318 2647 iambus
332 2589 358 2648 si
373 2589 552 2650 terminetur
572 2607 676 2650 versus
699 2587 840 2650 vocabulo
854 2589 921 2668 plus
938 2605 1028 2669 quam
1043 2590 1098 2649 tri·

137 2669 247 2749 syllabo
262 2670 342 2732 velut
354 2673 397 2731 ita
464 2670 467 2675 ’

338 2773 428 2816 ranae
443 2764 583 2833 vagantes
596 2756 702 2817 liberis
716 2756 885 2835 paludibus.

135 2854 171 2914 ln
185 2854 264 2915 hanc
277 2856 365 2915 etiam
379 2856 531 2916 licentiam
546 2874 719 2918 concessere
733 2875 849 2926 versus,
865 2859 897 2916 in
912 2857 1022 2937 quibus
1037 2878 1099 2919 am-

136 2928 320 3017 phibrachus
340 2939 387 2999 vel
407 2941 534 3000 creticus
554 2958 622 3000 cum
641 2940 842 3020 monosyllabo
862 2942 1036 3021 insequente
1052 2943 1100 3003 vel

136 3022 334 3100 praecedente
350 3022 541 3083 coalescunt
531 3042 564 3083 m
580 3043 688 3085 unum.

146 3179 150 3183 ¹
264 3106 328 3175 odi,
350 3108 464 3186 inquit,
480 3107 566 3167 illum
580 3110 651 3186 quia
664 3108 751 3168 malis
765 3111 879 3170 amicus
893 3116 949 3170 est.

263 3189 381 3267 trepide
396 3208 577 3251 concursans
592 3199 734 3270 occupata
750 3192 780 3251 in
796 3195 867 3253 otio.

136 3287 230 3350 Recte
245 3292 336 3350 etiam
349 3292 382 3351 in
396 3292 455 3351 bne
475 3292 630 3370 copulatur
645 3291 804 3352 trochaeus
819 3311 886 3353 cum
902 3295 1028 3378 cretico:

189 3421 192 3425 .
264 3376 346 3434 canis
360 3377 532 3452 parturiens
546 3393 614 3436 cum
629 3384 763 3452 rogasset
777 3375 910 3436 alteram.

126 3471 195 3528 Sed
202 3475 334 3532 minime
345 3474 419 3535 licet
434 3477 572 3554 quintum
585 3477 693 3556 pedem
708 3476 855 3537 contineri
869 3475 961 3536 verbo
976 3478 1009 3536 in
1023 3479 1097 3538 tom·
