2346 3840
139 189 183 254 24
418 193 580 248 PHAEDRI
600 182 825 248 naumann

139 345 280 424 Idemque
295 344 445 421 insignem
459 342 584 422 pulchra
597 343 674 404 lacie
689 343 792 404 filium.

139 428 191 499 lli,
208 428 361 506 speculum
376 429 409 488 11
424 427 564 488 cathedra
580 428 685 486 matris
699 434 733 488 ut
747 429 877 506 positum
891 428 957 497 luit,

138 511 300 574 Pueriliter
313 511 450 573 ludentes
463 511 541 572 sorte
556 512 761 589 inspexerunt.

138 596 196 656 llic
211 614 243 656 se
257 597 421 656 formosum
436 597 540 655 iactat:
563 594 613 654 illa
628 595 768 656 irascitur

138 679 201 740 Nec
215 680 371 758 gloriantis
386 681 513 739 sustinet
526 679 630 739 lratris
645 680 736 749 iocos,

138 765 296 843 Accipiens
311 765 421 843 quippe
436 769 543 825 cuncta
557 764 589 822 iu
604 761 824 824 contumeliam.
907 769 912 776 '

138 847 217 926 Ergo
232 848 268 909 ad
282 854 400 927 patrem
415 846 548 908 decurrit
563 847 680 908 laesura
695 848 823 908 invicem

137 933 302 1012 Magnaque
317 930 430 992 invidia
445 933 620 992 criminatur
634 931 737 1001 tilium,

137 1016 190 1076 Vir
204 1022 292 1077 natus
307 1014 386 1095 quod
401 1015 466 1076 rem
480 1015 660 1075 leminarum
675 1015 818 1091 tetigerit.

137 1100 297 1179 Anrplexus
310 1099 360 1160 ille
375 1106 536 1178 utrumque
552 1106 581 1159 et
596 1115 723 1177 carpens
738 1098 837 1160 oscula

137 1183 320 1262 Dulcemque
334 1184 368 1242 11
383 1181 486 1243 ambos
500 1184 657 1244 caritatem
671 1183 820 1262 partiens:

137 1266 290 1338 Quotidie,
307 1268 420 1345 inquit,
436 1265 557 1346 speculo
571 1284 624 1327 vos
638 1267 681 1326 uti
695 1265 775 1326 volo:

137 1350 183 1410 Tu
197 1351 323 1411 sormam
337 1368 375 1411 ue
390 1367 566 1429 corrumpas
580 1351 731 1429 nequitiae
745 1349 849 1420 malis;

138 1433 184 1494 l'u
198 1435 306 1495 faciem
321 1440 354 1494 ut
369 1436 457 1496 istam
471 1433 606 1494 moribus
619 1435 721 1494 vincas
736 1431 832 1494 bonis.

400 1566 403 1573 ’
484 1586 678 1646 111111
699 1587 752 1645 nr.

377 1682 592 1735 somnus
609 1684 668 1734 AD
686 1682 856 1736 amcos,

178 1769 305 1846 Vulgare
321 1769 410 1830 amici
425 1786 548 1839 nomen,
565 1769 618 1828 sed
632 1786 700 1829 rara
716 1775 763 1828 est
775 1768 858 1829 fides.
950 1759 954 1767 ’

137 1854 211 1915 (lum
225 1870 331 1933 parvas
346 1852 435 1913 aedes
450 1851 507 1914 sibi
522 1852 678 1913 fundasset
693 1851 840 1923 Socrates,

138 1935 238 2014 (Cuius
252 1954 311 1997 111
325 1937 408 2014 fugio
423 1947 565 2012 mortem,
583 1938 610 1997 si
624 1937 733 1998 lamam
748 1937 906 2016 adsequar,

135 2021 174 2080 Et
188 2020 261 2081 cedo
275 2021 421 2091 invidiae,
438 2021 597 2083 dummodo
613 2021 748 2082 absolvar
763 2020 858 2100 11111)

136 2105 178 2164 Ex
194 2104 303 2184 populo
318 2106 476 2165 111111111
491 2108 573 2185 quis,
589 2112 624 2166 ut
637 2106 708 2165 lieri
724 2104 814 2164 solet:
888 2108 891 2113 '

136 2186 267 2258 Quaeso,
282 2195 343 2248 tam
358 2195 512 2265 angustam
527 2189 596 2248 talis
610 2190 657 2246 vir
671 2189 758 2266 ponis
773 2187 911 2249 domumi

135 2270 268 2341 Vtinam,
284 2272 398 2349 inquit,
414 2273 495 2331 reris
509 2271 587 2331 hanc
603 2272 708 2331 amicis
723 2271 867 2351 inpleaml

496 2379 746 2517 1111111.

566 2521 717 2574 ΡΟΕΤΑ.

178 2603 383 2665 Periculosum
398 2611 444 2666 est
458 2606 582 2667 credere
598 2613 628 2666 et
642 2624 701 2666 nou
716 2607 851 2669 credere.

136 2689 297 2767 Vtriusque
313 2688 481 2769 exemplum
497 2689 630 2751 breviter
645 2708 790 2770 exponam
804 2694 860 2753 rei.

177 2771 354 2852 Hippolytus
369 2772 460 2843 obiit,
476 2777 547 2853 quia
561 2792 706 2835 novercae
723 2776 870 2837 creditum
886 2784 946 2848 est;

136 2857 318 2918 Cassandrae
333 2858 477 2936 quianon
492 2858 653 2927 creditum,
668 2861 729 2936 ruit
743 2859 840 2921 llium.

135 2940 215 3018 Ergo
229 2939 409 3020 exploranda
424 2947 469 3000 est
482 2944 593 3002 veritas
608 2942 747 3013 multum,
763 2944 848 3023 prius

136 3022 230 3094 Quam
245 3023 334 3085 stulta
348 3042 439 3106 prave
454 3025 567 3086 iudicet
587 3029 743 3088 sententia.

137 3107 195 3168 Sed
209 3107 373 3169 fabulosam
388 3127 426 3169 11
441 3117 619 3172 vetustatem
637 3111 744 3182 eleves,

136 3190 271 3252 Narrabo
286 3191 340 3252 tibi
355 3197 500 3253 memoria
515 3194 594 3274 quod
608 3196 720 3256 lactum
735 3202 781 3255 est
794 3215 870 3260 mea.

178 3275 303 3336 lllaritus
317 3277 437 3355 quidam
452 3295 520 3339 cum
536 3278 675 3355 diligeret
690 3282 847 3358 coniugem

136 3356 306 3459 Togamque
321 3378 427 3439 puram
441 3362 499 3422 iam
514 3369 634 3441 pararet
648 3362 718 3433 tilio,

136 3439 304 3506 Seductus
295 3462 328 3504 m
343 3452 492 3506 secretum
507 3464 524 3506 1
537 3445 645 3506 liberto
660 3455 707 3509 est
720 3465 784 3518 suo,
