2346 3840
504 214 682 274 affluunt
794 231 799 240 '

116 361 262 443 Sperante
276 362 420 424 heredem
435 364 530 424 suffici
545 381 576 424 se
591 368 769 444 proximum.

114 445 172 518 Qui
187 465 255 509 cum
269 447 306 508 de
321 465 415 528 puero
429 448 521 508 multa
536 450 678 510 mentitus
691 450 770 511 foret

113 530 152 593 Et
165 530 251 610 plura
266 530 302 592 de
317 531 440 609 flagitiis
454 537 552 592 castae
566 532 711 602 mulieris,

113 614 229 675 Adiecit
243 615 290 685 id,
306 615 385 694 quod
399 604 548 675 sentiebat
561 618 689 677 manime

112 698 281 760 Doliturum
296 701 421 768 amanti,
436 701 582 760 ventitare
598 697 764 762 adulterum

113 783 283 863 Stuproque
298 783 380 862 turpi
394 781 487 862 pollui
501 783 610 844 lamam
625 784 740 845 domus.

112 866 256 928 Incensus
270 865 320 927 ille
335 866 409 928 lalso
424 868 526 927 uxoris
539 869 664 928 crimine

113 950 269 1012 Simulavit
282 952 342 1011 iter
356 949 394 1011 ad
408 950 508 1011 villam
523 950 656 1030 clamque
671 953 704 1011 in
719 953 830 1031 oppido

112 1034 255 1096 Subsedit
261 1055 275 1095 :-
292 1033 399 1096 deinde
414 1042 504 1095 noctu
518 1033 618 1095 subito
633 1037 753 1096 ianuam

110 1117 249 1188 Intravit,
263 1125 347 1178 recta
361 1116 531 1179 cubiculum
547 1119 647 1198 uxoris
661 1125 775 1198 petens,

111 1202 145 1264 lu
160 1220 218 1283 quo
232 1201 364 1263 dormire
379 1207 476 1262 mater
490 1208 593 1263 natum
606 1203 741 1273 iusserat,

111 1287 245 1348 Aetatem
259 1285 389 1347 adrdtam
404 1303 525 1347 servans
539 1286 721 1364 diligentius.

110 1368 187 1433 llum
202 1376 349 1450 quaerunt
362 1368 478 1440 lumen,
494 1369 564 1431 dum
579 1378 758 1432 concursant
772 1372 894 1446 tamilla,

109 1453 176 1515 Irae
191 1454 319 1515 furentis
333 1455 468 1532 inpetum
482 1470 542 1513 non
558 1455 711 1515 sustinens

110 1537 155 1599 Ad
168 1537 279 1598 lectum
293 1537 426 1607 accedit,
441 1543 566 1616 temptat
579 1539 612 1597 in
626 1537 761 1599 tenebris
775 1547 873 1618 caput

109 1620 148 1682 Vt
162 1622 252 1682 sentit
267 1627 401 1690 tonsum,
418 1620 516 1698 gladio
530 1627 633 1700 pectus
647 1624 795 1700 transigit,

109 1704 192 1766 Nihil
206 1707 391 1784 respiciens,
407 1704 477 1765 dum
492 1704 623 1766 dolorem
636 1706 777 1777 vindicet.

109 1787 245 1850 Lucerna
260 1789 371 1859 adlata,
386 1788 474 1848 simul
488 1788 624 1868 adspexit
637 1790 731 1851 filium

110 1872 305 1952 Sanctamque
322 1890 445 1933 uxorem
459 1872 656 1935 dormientem
670 1872 819 1945 cubiculo,

110 1955 213 2037 Sopita
226 1959 324 2035 primo
339 1973 415 2035 quae
430 1956 472 2017 nil
488 1974 591 2016 somno
606 1964 755 2027 senserat;

107 2038 354 2120 Repraesentavit
367 2041 399 2100 in
414 2057 446 2100 se
461 2057 586 2119 poenam
599 2041 743 2101 facinoris

108 2123 146 2184 llt
159 2124 242 2184 lerro
256 2123 410 2203 incubuit,
425 2122 505 2204 quod
518 2123 679 2185 credulitas
694 2126 865 2186 strinxerat.

107 2209 302 2269 Accusatores
316 2207 504 2287 postularunt
517 2208 673 2270 mulierem

106 2289 288 2371 Romamque
302 2297 513 2371 pertraxerunt
527 2292 564 2353 ad
579 2295 786 2355 centumviros.

106 2374 234 2453 Maligna
247 2378 396 2437 insontem
412 2374 555 2454 deprimit
569 2379 704 2454 suspitio,

106 2455 190 2528 Quod
206 2458 283 2520 bona
297 2459 456 2538 possideat.
486 2457 572 2519 Stant
585 2462 704 2538 patroni
718 2461 838 2521 sortiter

106 2542 231 2604 Causam
245 2549 365 2604 tuentes
380 2543 548 2603 innocentis
560 2543 698 2604 feminae.

148 2625 173 2685 A
188 2625 261 2686 llivo
275 2627 407 2703 Augusto
422 2633 493 2687 tunc
508 2629 621 2705 petiere
635 2626 760 2697 iudices,
812 2674 817 2684 .

104 2708 142 2769 Vt
157 2709 309 2771 adiuvaret
323 2711 400 2771 iuris
415 2708 536 2770 iurandi
550 2709 649 2780 tidem,

105 2791 191 2863 Quod
204 2795 285 2873 ipsos
300 2811 387 2854 error
401 2792 587 2872 inplicuisset
602 2795 747 2855 criminis.

104 2874 162 2947 Qui
176 2885 333 2957 postquam
347 2876 488 2938 tenebras
503 2877 626 2955 dispulit
641 2878 805 2939 calumniae

105 2961 284 3040 Certumque
299 2962 412 3022 iontem
426 2963 562 3022 veritatis
576 2965 725 3040 repperit:

103 3042 195 3114 Luat,
210 3046 323 3124 inquit,
340 3062 451 3124 poenas
464 3042 558 3112 causa
567 3043 695 3106 libertus
709 3046 794 3116 mali:

102 3127 237 3207 Namque
253 3126 357 3189 orbam
370 3135 440 3190 nato
455 3127 544 3192 simul
560 3134 590 3187 et
604 3131 749 3207 privatam
763 3131 829 3188 riro

102 3211 301 3273 Miserandam
315 3213 416 3291 potius
430 3230 517 3291 quam
533 3211 729 3273 damnandam
744 3214 893 3274 existimo.

103 3291 230 3364 Quodsi
245 3295 340 3357 delata
355 3302 558 3375 perscrutatus
573 3297 700 3357 crimina

101 3376 320 3440 Paterfamilias
334 3387 428 3449 esset,
450 3382 476 3440 si
490 3378 677 3440 mendacium

102 3459 260 3523 Subtiliter
274 3464 427 3533 rimasset,
443 3482 460 3524 a
474 3462 627 3526 radicibus
