2346 3840
494 208 604 266 LIBER
624 208 673 266 111.

100 358 182 431 Quae
197 375 292 437 genus
305 366 464 438 utrumque
479 366 581 420 nosset
595 376 663 420 cum
678 357 891 438 pulcherrime,

100 444 211 522 Legem
226 442 342 504 duabus
355 442 432 504 hanc
446 443 602 522 proposuit
615 442 767 522 partibus:

100 528 167 589 Non
181 528 395 588 inconveniens
409 544 518 605 corpus
533 534 565 588 et
577 544 633 605 per
647 533 692 588 est
707 526 798 596 color,

99 611 134 673 ln
150 610 274 672 dubium
288 609 375 689 plane
391 627 441 672 res
455 618 488 672 ut
502 612 610 672 merito
624 613 751 673 venerit.

100 695 160 756 Sed
174 713 212 756 ne
227 695 334 771 religio
348 702 453 774 peccet
466 695 632 774 inprudens
646 712 722 765 mea,

100 779 188 839 Alvos
202 781 328 857 accipite
343 785 374 838 et
388 780 466 839 ceris
481 796 557 858 opus
569 779 729 849 infundite,

100 864 138 923 Vt
151 880 188 924 ex
203 880 309 941 sapore
323 860 420 922 mellis
435 869 466 922 et
479 862 575 923 iorma
589 862 659 931 iavi,

99 946 143 1007 De
157 948 226 1026 quis
239 963 319 1006 nunc
333 947 446 1024 agitur,
462 953 565 1007 auctor
579 945 687 1007 horum
701 954 855 1026 appareat.

99 1031 175 1092 Fuci
190 1037 347 1090 recusant:
370 1028 477 1109 apibus
491 1029 626 1090 condicio
641 1029 749 1109 placet

99 1113 184 1175 Tunc
198 1114 248 1175 illa
263 1113 314 1174 tali
330 1115 377 1173 ins
392 1113 461 1172 tulit
474 1115 637 1175 sententia:

98 1199 242 1275 Apertum
257 1204 303 1258 est
317 1198 383 1276 quis
397 1214 456 1257 non
470 1199 579 1275 possit,
596 1203 627 1257 et
640 1199 708 1276 quis
722 1198 842 1261 iecerit.

98 1279 285 1361 Quapropter
300 1280 408 1360 apibus
422 1281 554 1342 fructum
568 1283 695 1342 restituo
710 1299 806 1343 suum.

140 1365 224 1427 Hanc
238 1367 449 1445 praeterissem
463 1364 593 1426 fabulam
608 1366 738 1436 silentio,

99 1448 133 1510 Si
146 1455 263 1529 pactam
277 1449 339 1509 fuci
353 1466 414 1510 non
428 1456 618 1510 recusassent
631 1449 730 1510 fidem.

432 1599 626 1659 FABVLA
646 1599 728 1659 XIV.

301 1698 359 1748 DE
375 1696 488 1747 Lvsv
504 1696 560 1749 ΕΤ
577 1697 858 1750 smvmmmamm

141 1782 307 1844 Puerorum
323 1785 354 1842 in
370 1780 457 1843 turba
471 1781 591 1861 quidam
606 1781 758 1844 ludentem
773 1784 888 1844 Atticus

97 1867 246 1946 Aesopum
260 1864 388 1926 nucibus
403 1882 470 1926 cum
485 1864 622 1936 vidisset,
638 1869 750 1928 restitit

99 1951 137 2012 Et
151 1952 238 2030 quasi
254 1949 381 2010 delirum
395 1951 472 2008 risit.
502 1947 586 2019 Quod
601 1953 697 2011 sensit
710 1950 799 2011 simul

97 2034 218 2096 Derisor
232 2035 433 2113 potiusquam
450 2032 631 2093 deridendus
645 2050 746 2102 senex,

97 2118 207 2179 Arcum
222 2125 375 2178 retensum
389 2117 490 2195 posuit
503 2118 536 2176 in
549 2117 649 2177 media
664 2119 726 2178 via:

96 2201 192 2263 Heus!
213 2202 325 2281 inquit,
342 2202 475 2280 sapiens,
492 2200 613 2280 expedi,
629 2201 701 2280 quid
715 2200 851 2262 fecerim.

97 2286 256 2349 Concurrit
269 2284 406 2364 populus.
436 2283 488 2344 lllc
504 2303 536 2345 se
551 2291 672 2364 torquet
686 2285 738 2345 diu

96 2370 160 2432 Nec
173 2371 357 2449 quaestionis
371 2369 485 2448 positae
500 2385 619 2429 oausam
633 2367 790 2444 intellegit.

96 2452 263 2514 Novissime
279 2451 455 2513 succumbit.
486 2450 562 2512 Turn
578 2453 672 2511 victor
686 2451 813 2530 sophus:

89 2537 162 2598 dito
176 2532 298 2615 rumpes
312 2554 428 2605 arcum,
445 2553 563 2615 semper
577 2538 603 2596 si
617 2542 734 2597 tensum
749 2535 908 2608 habueris:

95 2621 133 2681 m
147 2622 173 2680 si
187 2620 312 2689 laxaris,
328 2637 396 2680 cum
410 2618 492 2679 voles
507 2623 566 2680 erit
580 2619 673 2680 utilis.

138 2704 188 2764 Sic
202 2703 290 2764 ludus
305 2704 403 2764 animo
419 2701 508 2762 debet
523 2703 682 2781 aliqnando
697 2702 772 2772 dari,

94 2787 139 2850 Ad
154 2786 343 2866 cogitandum
356 2785 463 2846 melior
477 2792 512 2846 ut
524 2785 627 2846 redeat
641 2784 707 2846 tibi.

437 2936 631 2996 FABVLA
651 2937 716 2997 XV.

384 3031 510 3085 cnms
527 3035 586 3084 AD
602 3033 770 3087 AGNVM.

135 3120 218 3182 Inter
231 3119 359 3199 capellas
375 3135 451 3196 agno
465 3119 578 3197 palanti
594 3119 692 3178 oanis:

92 3204 204 3275 Stulte,
219 3205 333 3283 inquit,
350 3220 448 3273 ernas;
465 3220 524 3264 non
540 3209 586 3262 est
599 3201 649 3262 hic
662 3208 757 3263 mater
772 3210 839 3264 tua:

31 3345 36 3355 .
91 3289 229 3367 Ovesque
244 3294 415 3365 segregatas
429 3287 561 3346 ostendit
574 3286 689 3366 procul.

57 3375 64 3387 '
92 3370 159 3434 Non
174 3370 254 3432 iilam
269 3389 395 3450 quaero,
412 3388 505 3449 quae,
521 3388 589 3430 cum
604 3369 723 3430 libitum
739 3376 798 3439 est,
815 3370 955 3450 concipit,

91 3454 168 3518 Dein
183 3461 282 3536 portat
296 3472 371 3516 onus
384 3455 519 3532 ignotum
535 3456 628 3514 certis
641 3451 804 3524 mensibus,
1039 3459 1060 3506 s
