2346 3840
502 195 610 252 LIBER
629 195 678 255 IV.
792 200 795 205 ⁴

106 346 204 423 Aegre
220 345 334 423 recepti
350 350 450 406 tamen
465 352 621 406 evaserunt
635 363 750 408 necem.

107 429 204 490 Duces
219 447 338 499 eorum,
359 431 410 508 qui
426 427 575 508 capitibus
589 447 700 490 cornua

108 512 178 574 Suis
192 512 334 590 ligarent,
350 519 385 572 ut
399 515 592 591 conspicuum
607 515 638 573 in
652 514 767 593 proelio

106 595 260 658 Haberent
274 597 406 673 signum,
422 597 501 675 quod
515 604 713 676 sequerentur
726 598 845 668 milites,

107 680 238 741 Haesere
253 681 286 740 in
300 681 396 759 portis
410 685 538 760 suntque
554 682 633 760 eapti
649 680 686 742 ab
701 681 852 752 hostibus:

106 762 187 835 Quos
200 764 357 825 inmolatos
371 765 467 825 victor
482 763 576 825 avidis
590 763 729 825 dentibus

107 847 231 926 Capacis
245 847 302 908 alvi
317 848 422 908 mersit
436 853 568 923 tartareo
583 865 684 927 specu.

149 928 370 1010 Quemcumque
385 930 527 1010 populum
542 932 637 992 tristis
651 938 774 992 eventus
788 933 908 1013 premit,

106 1013 295 1076 Periclitatur
310 1013 481 1092 magnitudo
495 1016 683 1094 principum

106 1098 218 1160 Minuta
232 1097 337 1178 plebes
351 1098 432 1159 facili
446 1098 597 1176 praesidio
611 1097 694 1160 latet.

442 1283 729 1345 uAanAvu.

404 1396 768 1452 PHAEDRVS.
874 1409 879 1415 ·

59 1556 62 1561 -
148 1516 208 1588 Tu,
224 1519 290 1598 qui,
306 1523 426 1586 nasute,
443 1517 555 1595 scripta
569 1515 731 1593 destringis
745 1534 812 1578 mea

104 1601 144 1662 Et
157 1601 213 1661 hoc
226 1603 360 1662 iocorum
374 1599 475 1679 legere
489 1599 607 1662 fastidis
622 1617 725 1676 genus,

104 1684 199 1746 Parva
212 1681 346 1745 libellum
361 1686 474 1744 sustine
489 1685 643 1763 patientia,

105 1768 302 1830 Severitatem
316 1768 425 1828 frontis
439 1767 510 1829 dum
524 1767 608 1847 placo
622 1772 691 1828 tuae

104 1852 142 1915 Et
156 1853 188 1913 in
202 1851 357 1913 cothurnis
369 1852 471 1931 prodit
484 1853 616 1931 Aesopus
629 1853 724 1913 novis.

146 1935 264 1997 Vtinam
278 1954 334 1997 uec
348 1952 490 2015 umquam
504 1934 579 1995 Pelii
593 1936 725 1996 nemoris
738 1935 809 2013 iugo
877 1994 878 1997 ,

104 2020 198 2081 Pinus
212 2018 337 2099 bipenni
351 2019 532 2079 concidisset
546 2017 700 2079 Thessala!

103 2103 167 2165 Nec
181 2102 218 2164 ad
232 2103 383 2182 professae
397 2103 503 2164 mortis
517 2101 659 2163 audacem
673 2104 751 2162 viam

104 2186 294 2248 Fabricasset
307 2186 404 2264 Argus
418 2203 508 2266 opere
523 2185 653 2247 Palladio
668 2192 772 2256 ratem,

104 2270 295 2351 Inhospitalis
308 2272 406 2350 prima
421 2288 497 2351 quae
512 2272 596 2350 ponti
610 2273 693 2332 sinus

103 2355 249 2415 Patefecit
262 2357 295 2415 in
308 2355 473 2433 perniciem
488 2353 610 2416 Graium
625 2361 656 2416 et
670 2352 844 2415 barbarum!

103 2437 238 2517 Namque
254 2444 284 2498 et
297 2437 420 2517 superbi
434 2438 516 2516 luget
530 2439 638 2500 Aeetae
653 2436 766 2506 domus,

103 2523 142 2582 Et
156 2539 248 2600 regna
262 2521 361 2583 Peliae
376 2523 488 2584 sceiere
503 2523 622 2584 Medeae
637 2524 745 2592 iacent,

103 2604 185 2675 Quae
199 2622 320 2666 saevum
333 2608 488 2683 ingenium
501 2609 592 2667 variis
605 2607 757 2668 involvens
770 2607 867 2667 modis

102 2688 167 2750 illic
181 2707 237 2768 per
252 2695 335 2750 artus
349 2690 453 2750 fratris
468 2688 610 2768 explicuit
622 2690 732 2766 iugem,

102 2773 159 2833 Hic
175 2772 266 2833 caede
281 2775 376 2853 patris
389 2772 543 2834 Peliadum
558 2773 663 2834 iniecit
676 2790 791 2834 manus.

146 2855 224 2927 Quid
238 2856 296 2918 tibi
310 2857 447 2918 videtur?
475 2856 539 2917 Hoc
552 2875 669 2937 quoque
684 2857 829 2918 insulsum
844 2863 903 2928 est,
920 2859 974 2928 ais,

102 2941 249 3021 Falsoque
265 2940 390 3008 dictum;
405 2940 493 3021 ipnge
507 2943 576 3020 quia
590 2943 737 3002 vetustior

102 3026 219 3103 Aegaea
234 3023 331 3084 Minos
345 3023 438 3083 classe
453 3023 624 3102 perdomuit
637 3025 715 3084 ireta

102 3108 243 3189 lustoque
259 3107 420 3169 vindicavit
434 3105 568 3184 exemplo
583 3108 727 3185 inpetum.

102 3190 183 3263 Quid
198 3210 270 3271 ergo
284 3210 404 3272 possum
419 3192 518 3252 iacere
532 3189 604 3259 tibi,
620 3189 714 3251 lector
729 3190 811 3261 Cato,

103 3276 136 3337 Si
150 3294 209 3336 nec
222 3275 348 3337 fabellae
363 3282 392 3336 te
408 3277 510 3336 iuvant
524 3293 579 3335 nec
594 3273 726 3335 sabulael

102 3359 172 3422 Noli
186 3359 330 3421 molestus
344 3376 408 3420 esse
423 3360 543 3420 omnino
557 3359 676 3428 litteris,

102 3444 246 3506 llaiorem
260 3441 420 3505 exhibeant
432 3461 470 3504 ne
486 3441 543 3503 tibi
556 3443 732 3504 molestiam.

822 3539 874 3602 ‘232
