2346 3840
253 831 468 907 PHAEDRI
493 826 700 906 AVGVSTI
724 833 916 907 LIBERTI

122 1028 551 1114 runvuunvu
585 984 1041 1115 uusnrranvur

401 1233 547 1294 LIBER
574 1232 763 1296 PRIMVS.

508 1436 657 1444 -—-.

465 1584 698 1652 Pnouoerrs.

144 1704 277 1782 Aesopus
293 1706 396 1763 auctor
410 1720 499 1780 quam
513 1702 668 1761 materiam
682 1703 825 1780 repperit,

103 1784 186 1848 llane
200 1803 255 1865 ego
271 1786 361 1866 poliri
376 1784 512 1846 versibus
527 1785 663 1845 senariis.

102 1870 218 1950 Duplex
231 1869 325 1930 libelli
341 1870 394 1930 dos
409 1877 470 1930 est:
494 1869 572 1948 quod
586 1870 681 1931 risum
695 1877 794 1930 movet

90 1952 140 2019 Et
154 1953 231 2033 quod
247 1953 385 2033 prudenti
405 1955 494 2012 vitam
510 1952 634 2012 consilio
649 1960 758 2011 monet.

103 2037 282 2099 Calumniari
297 2037 392 2115 siquis
407 2043 504 2096 autem
520 2035 655 2104 voluerit,

102 2119 187 2191 Quod
203 2120 326 2181 arbores
339 2119 512 2199 loquantur,
528 2137 587 2179 nen
603 2125 717 2179 tantum
732 2120 825 2191 ferae,

103 2203 197 2268 Fictis
211 2206 305 2264 iocari
320 2221 375 2264 uos
389 2204 561 2264 meminerit
575 2202 693 2263 labulis.

460 2353 653 2412 FABVLA
677 2353 702 2413 Ι.

392 2448 530 2501 LVPVS
547 2449 602 2500 E'I'
618 2450 773 2503 AGNVS.

145 2534 189 2594 Ad
203 2535 301 2596 rivum
315 2533 441 2595 eundem
457 2535 544 2614 lupus
559 2542 589 2594 et
603 2553 696 2612 agnus
709 2544 852 2598 venerant

103 2618 159 2679 Siti
175 2617 326 2698 conpulsi3
342 2621 488 2698 'superior
504 2616 601 2678 stabat
614 2619 701 2698 lupus

102 2701 262 2780 Longeque
277 2703 404 2762 inferior
418 2719 520 2780 agnus.
551 2697 635 2761 'lune
650 2703 735 2764 iauee
750 2703 876 2784 inproba

102 2785 192 2846 Latro
206 2787 347 2845 incitatus
361 2786 453 2863 iurgii
468 2803 585 2847 eausam
598 2786 708 2848 intulit.

103 2867 177 2938 Cur,
192 2870 305 2947 inquit,
321 2868 522 2930 turbulentam
537 2870 636 2932 fecisti
650 2870 724 2930 mihi

102 2952 214 3031 Aquam
231 2951 367 3012 bibenti?
395 2953 522 3029 Laniger
537 2961 640 3013 eontra
655 2956 777 3015 timens:

102 3034 160 3106 Qui
175 3053 312 3114 pessum,
328 3051 451 3115 quaeso,
466 3037 581 3107 iacere,
598 3036 676 3113 quod
691 3039 843 3116 quereris,
857 3037 945 3119 lupe?

102 3121 127 3180 Α
141 3126 171 3180 te
187 3119 320 3180 decurrit
334 3119 371 3180 ad
385 3137 467 3181 meos
481 3120 604 3201 haustus
619 3120 726 3199 liquor.

101 3201 248 3280 Repulsus
262 3203 312 3264 ille
330 3205 463 3264 veritatis
477 3203 604 3264 viribus:

101 3288 178 3347 Ante
192 3285 247 3345 hos
262 3305 314 3347 sex
328 3305 445 3348 meuses
459 3287 548 3357 male,
566 3291 620 3358 ait,
637 3288 740 3350 dixisti
755 3292 840 3351 mihi.
1028 3300 1059 3349 10

100 3367 265 3449 Respondit
280 3388 386 3448 agnus:
416 3371 561 3451 Equidem
575 3380 662 3433 natus
676 3391 735 3434 non
750 3368 843 3436 eram}

151 3482 308 3525 raduanus.
838 3471 864 3531 t
