2346 3840
485 206 594 262 LIBER
614 207 651 265 II.

337 466 343 473 ,
425 396 621 456 saevos
641 396 711 458 vn.

297 501 409 554 MVH
425 496 514 555 Dvo
531 503 586 554 ΕΤ
603 502 839 559 marronis.

130 606 202 670 lluli
217 608 332 685 gravati
348 606 475 666 sarcinis
488 603 573 665 ibant
587 605 661 666 duo:

88 692 169 755 Vnus
184 689 302 753 larebat
316 690 403 751 fiscos
417 706 485 749 oum
500 691 637 767 pecunia,

89 778 172 839 Alter
184 782 335 837 tumentes
350 772 445 833 multo
459 789 561 832 saccos
577 772 698 833 hordeo.

88 861 141 923 llle
157 877 248 919 onera
263 857 347 918 dives
362 854 441 916 celsa
456 856 573 915 cervice
588 858 701 916 eminet

89 945 267 1022 Clarumque
283 940 358 1001 collo
372 942 462 1001 iactat
476 938 718 1010 tintinnabulum,

89 1028 195 1091 Comes
209 1026 312 1106 quieto
326 1025 463 1102 sequitur
478 1030 509 1083 et
522 1023 639 1101 placido
653 1022 758 1101 gradu

89 1111 196 1172 Subito
211 1109 343 1170 latrones
358 1125 395 1167 ex
409 1106 528 1167 insidiis
542 1106 678 1168 advolant

89 1195 230 1273 Interque
245 1192 367 1252 caedem
380 1191 462 1252 lerro
477 1189 589 1250 mulum
605 1193 747 1262 sauciant,

88 1279 243 1357 Diripiunt
256 1291 405 1345 nummos,
421 1274 583 1352 neglegunt
596 1273 654 1334 vile
668 1275 825 1337 hordeum.

90 1361 241 1442 Spoliatus
255 1360 346 1437 igitur
362 1376 448 1420 casus
462 1376 531 1418 oum
545 1357 632 1419 lieret
645 1376 731 1420 suos:

89 1445 252 1525 Equidem,
268 1444 367 1521 inquit
381 1441 470 1512 alter,
486 1459 534 1502 me
549 1449 752 1521 contemptum
766 1444 890 1521 gaudeo,

90 1528 165 1591 Nam
180 1528 224 1589 nil
240 1527 326 1588 amisi
341 1542 397 1586 nec
412 1542 477 1586 sum
492 1524 592 1586 laesus
605 1525 738 1586 vulnere.

133 1612 196 1672 lloc
211 1616 385 1687 argumento
400 1615 463 1669 tuta
479 1616 525 1668 est
539 1607 690 1669 hominum
705 1612 850 1682 tenuitas:

90 1694 213 1774 Magnae
228 1694 342 1774 periclo
357 1700 427 1754 sunt
441 1710 513 1771 opes
528 1692 683 1754 obnoxiae.

422 1845 616 1905 FABVLA
636 1845 721 1906 vm.

370 1942 537 1993 omvas
553 1943 613 1993 AD
629 1942 777 1998 BOVES.

135 2030 246 2090 Cervus
260 2027 428 2087 nemorosis
442 2027 589 2086 excitatus
602 2024 744 2098 latibulis,

92 2112 130 2173 Vt
143 2117 317 2172 venatorum
332 2110 450 2187 lugeret
465 2112 625 2170 instantem
639 2127 754 2181 necem,

93 2198 187 2258 Caeco
201 2197 309 2256 timore
324 2195 489 2274 proximam
501 2192 600 2255 villam
615 2195 691 2272 petit

93 2280 130 2341 Et
144 2285 312 2358 opportuno
326 2295 358 2339 se
373 2276 465 2338 bovili
479 2277 621 2340 condidit.

93 2364 150 2424 llic
164 2361 220 2422 bos
229 2361 350 2423 latenti:
379 2359 525 2431 Quidnam
538 2361 658 2422 voluisti
672 2361 740 2432 tibi,

92 2446 216 2516 Infelix,
232 2445 311 2505 ultro
325 2446 377 2524 qui
391 2445 429 2505 ad
443 2461 547 2504 necem
562 2447 734 2505 cucurreris

11 2595 17 2604 ,
93 2530 312 2607 Hominumque
327 2535 407 2589 tecto
421 2529 560 2608 spiritum
573 2528 777 2591 commiseris?

94 2615 133 2674 nt
148 2611 199 2673 ille
214 2612 354 2692 supplex:
384 2612 443 2672 Vos
456 2612 558 2682 modo,
574 2614 685 2691 inquit,
701 2615 833 2691 parcite:

94 2696 258 2758 Occasione
273 2712 379 2756 rursus
394 2713 548 2774 erumpam
564 2696 640 2756 data.

95 2779 230 2858 Spatium
245 2778 306 2840 diei
321 2781 419 2840 noctis
433 2780 587 2858 excipiunt
601 2779 691 2841 vices.

94 2861 243 2924 Frondem
258 2860 407 2924 bubulcus
422 2862 534 2933 adfert,
551 2863 594 2924 nil
610 2864 678 2925 ideo
693 2864 784 2946 videt,

94 2947 174 3007 Eunt
188 2945 315 3007 subinde
330 2953 362 3006 at
376 2946 503 3008 redeunt
516 2966 619 3009 onmes
633 2951 749 3019 rustici,

94 3030 189 3091 Nemo
204 3028 428 3090 animadvertit:
451 3033 559 3091 transit
573 3033 663 3092 etiam
677 3033 791 3103 vilicus,

94 3112 157 3174 Nec
171 3111 221 3174 ille
236 3114 397 3192 quicquam
411 3115 513 3174 sentit.
543 3111 619 3173 Tum
632 3115 764 3192 gaudens
777 3117 861 3178 ierus

94 3193 197 3256 Bubus
210 3198 323 3275 quietis
337 3213 426 3275 agere
441 3199 541 3277 coepit
554 3200 674 3276 gratias,

94 3278 263 3356 Hospitium
279 3279 404 3342 adverso
419 3280 498 3360 quod
512 3284 721 3361 praestiterint
735 3290 881 3363 tempore.

94 3362 260 3441 Respondit
274 3382 365 3426 unus:
396 3364 515 3427 Salvum
530 3372 559 3426 te
575 3369 711 3445 cupimus
726 3368 864 3448 quidem;

97 3444 156 3506 Sed
171 3444 240 3516 ille,
255 3449 308 3526 qui
323 3448 425 3510 oculos
440 3457 561 3511 centum
575 3449 680 3521 habet,
697 3453 722 3512 si
739 3455 863 3520 venerit,

148 3555 303 3599 rumonus.
670 3543 672 3547 ⁴
845 3547 876 3603 ‘2
