2346 3840
109 215 151 282 56
389 221 551 276 PHAEDRI
572 220 795 278 FABVLARVM

111 374 267 452 Feroxque
283 372 438 449 ingenium
453 373 615 450 conprimis
630 370 796 442 clementia,

110 457 199 525 Vide,
215 474 253 516 ne
268 457 390 533 querela
405 457 501 515 maior
516 462 667 515 accrescat
682 455 798 516 domus.

153 541 308 602 Atrocitati
323 538 518 600 mansuetudo
533 546 579 599 est
593 539 770 598 remedium.
875 584 883 609 ,

456 689 648 771 racana
668 690 720 751 m.
840 748 842 753 ,

236 789 426 842 amsOva
451 789 507 840 ΕΨ
529 789 690 840 VICTOR
716 788 948 843 summove.
985 842 991 853 ,

257 870 401 936 Quomodo
414 869 606 939 conprimatur
617 868 770 936 aliqnando
781 869 925 925 iactantia

152 960 301 1019 Victorem
316 960 393 1020 iorte
408 959 540 1038 gymnici
553 958 729 1017 certaminis

110 1044 319 1104 Iactantiorem
333 1061 402 1103 cum
415 1043 539 1102 vidisset
553 1039 651 1120 Phryx
665 1041 785 1120 sophus,

109 1127 321 1204 Interrogavit,
337 1144 375 1186 an
389 1125 455 1205 plus
471 1125 659 1185 adversarius

110 1211 258 1273 Valuisset
272 1209 353 1269 eiust
382 1208 451 1270 Ille:
474 1209 518 1270 Ne
533 1208 613 1270 istud
628 1209 756 1279 dixerim

109 1295 201 1356 Multo
215 1295 301 1354 luere
315 1295 395 1353 vires
409 1296 539 1354 maiores
552 1309 645 1353 meae.

110 1377 209 1450 Quod,
225 1378 336 1457 inquit,
353 1393 440 1454 ergo,
457 1376 560 1445 stulte,
581 1377 719 1438 meruisti
734 1376 835 1448 decus,

109 1462 207 1523 llinus
220 1462 368 1522 valentem
383 1462 409 1521 si
424 1461 523 1522 vicisti
538 1461 668 1520 lortiori

110 1545 265 1607 Ferendus
280 1562 376 1615 esses,
392 1545 468 1605 lorte
484 1547 510 1605 si
524 1551 554 1605 te
569 1545 685 1605 diceres

111 1629 288 1711 Superesse,
304 1629 411 1690 melior
426 1631 479 1708 qui
492 1629 600 1689 fuisset
614 1627 739 1691 viribus.

451 1780 643 1840 FABVLA
664 1780 732 1843 XII.

356 1877 533 1930 Aureus
558 1877 621 1930 AD
647 1876 827 1932 LYRALI.

153 1965 261 2026 Asinus
275 1966 422 2025 iacentem
437 1963 511 2024 vidit
523 1965 556 2023 in
570 1970 656 2043 prato
670 1963 774 2043 lyram.

111 2049 243 2110 Accessit
256 2056 286 2109 et
301 2051 456 2127 temptavit
470 2048 596 2108 chordas
610 2047 738 2125 ungula;

111 2133 243 2193 Sonuere
259 2139 366 2193 tactae.
396 2131 479 2192 Bella
493 2150 557 2202 res,
574 2132 626 2192 sed
641 2131 827 2192 mehercules

109 2216 185 2277 llale
200 2218 306 2285 cessit,
321 2218 436 2294 lnquit,
453 2217 525 2275 artis
540 2217 609 2294 quia
622 2233 687 2274 sum
702 2217 830 2276 nescius.
873 2219 877 2226 '

111 2300 143 2360 Si
158 2300 342 2379 repperisset
356 2298 463 2376 aliquis
477 2297 555 2359 hauc
569 2297 751 2377 prudentior,

78 2446 86 2453 ,
110 2383 224 2445 Divinis
239 2379 327 2443 aures'
342 2381 519 2443 oblectasset
532 2381 679 2443 cantibus.

153 2467 203 2528 Sic
218 2484 307 2546 saepe
321 2467 441 2545 ingenia
456 2466 623 2527 calamitate
637 2467 831 2527 intercidunt.

443 2618 635 2678 FABVLA
660 2619 743 2679 XIII.

319 2716 488 2767 MVLIER
504 2717 643 2767 V'IDVA
659 2716 715 2768 ET
732 2716 873 2769 ms.
904 2764 930 2772 ,

249 2797 360 2862 Quanta
377 2796 414 2850 sit
428 2796 617 2852 inconstantis
633 2797 664 2852 et
679 2796 768 2852 libido
784 2797 942 2854 mulierum.

152 2887 210 2947 Per
225 2886 338 2964 aliquot
352 2902 443 2944 annos
458 2885 601 2964 quaedam
616 2884 760 2947 dilectum
773 2888 870 2947 airum

110 2972 217 3032 Amisit
231 2976 262 3030 et
276 2968 457 3048 sarcophago
473 2986 581 3049 corpus
596 2969 745 3041 condidit;

110 3056 133 3116 A
148 3072 207 3132 quo
222 3053 327 3113 revelli
342 3053 423 3113 nullo
438 3071 506 3114 cum
520 3059 621 3131 posset
634 3054 721 3114 modo

110 3138 148 3198 Et
161 3140 193 3197 in
208 3136 345 3218 sepulcro
359 3139 448 3197 vitam
464 3137 569 3214 lugens
583 3138 715 3214 degeret,

110 3221 225 3282 Claram
239 3227 374 3282 assecuta
389 3227 434 3280 est
447 3222 555 3281 lamam
570 3229 668 3282 castae
683 3221 830 3283 mulieris.
1056 3231 1076 3285 o

109 3305 226 3366 Interea
241 3305 342 3366 lanum
357 3307 408 3384 qui
424 3304 610 3384 conpilarant
624 3304 708 3373 loris,

109 3389 199 3450 Cruci
214 3390 313 3450 sulliri
328 3389 449 3450 luerunt
462 3407 574 3470 poenas
588 3390 714 3449 numini.

96 3471 216 3532 Horum
227 3473 378 3553 reliquias
390 3475 500 3555 nequis
514 3479 616 3554 posset
629 3472 745 3543 tollere,
