2346 3840
102 189 144 255 42
379 194 542 249 PHAEDRI
563 193 787 251 FABVLARVM

428 393 619 455 EABVLA
640 394 735 454 XXII.

413 501 474 553 DE
500 500 750 552 SIMONIDE.

143 602 238 664 Homo
253 601 358 664 doctus
371 605 403 663 in
418 621 450 663 se
464 620 583 681 semper
598 602 716 663 divitias
730 599 830 664 hahet.

101 686 285 757 Simonides,
301 689 354 766 qui
368 688 490 766 scripsit
504 688 658 764 egregium
671 684 773 757 melos,

99 769 165 841 Quo
179 777 387 850 paupertatem
402 771 564 831 sustineret
579 770 707 840 facilius,

100 854 221 916 Circum
237 857 282 916 ire
297 856 395 934 eoepit
408 853 500 915 urbes
513 854 600 915 Asiae
615 852 739 925 nobiles,

99 938 237 1000 Mercede
253 946 372 1018 accepta
387 936 504 999 laudem
518 939 663 997 victorum
679 953 796 997 canens.
1044 947 1064 1001 o

16 1052 18 1055 ·
101 1021 164 1082 Hoc
179 1039 289 1099 genere
304 1029 443 1101 quaestus
457 1028 614 1100 postquam
627 1019 760 1099 locuples
774 1020 871 1082 factus
885 1026 940 1094 est,

101 1104 212 1166 Redire
227 1108 263 1166 in
274 1108 401 1186 patriam
415 1105 509 1166 voluit
524 1122 613 1165 cursu
627 1105 759 1184 pelagio;

100 1188 174 1249 Erat
189 1197 302 1260 autem,
318 1195 352 1249 ut
367 1191 464 1260 aiunt,
480 1196 567 1250 natus
582 1190 614 1248 in
629 1188 681 1250 Cia
696 1186 807 1249 insulsa

101 1273 243 1333 Ascendit
256 1290 376 1343 navem,
392 1290 481 1352 quam
494 1279 655 1350 tempestas
669 1270 792 1332 horrida

101 1354 195 1416 Simul
211 1363 241 1416 et
254 1363 384 1416 vetustas
399 1356 497 1415 medio
512 1355 646 1415 dissolvit
660 1357 747 1416 mari.
1027 1362 1063 1416 1o

101 1438 140 1500 lli
156 1457 258 1509 zonas,
274 1439 317 1500 illi
333 1457 383 1500 res
396 1442 542 1519 pretiosas
558 1439 710 1516 colligunt,

101 1521 275 1583 Subsidium
289 1526 377 1584 vitae.
407 1521 532 1593 Quidam
547 1525 708 1584 curiosior:

100 1605 268 1677 Simonide,
284 1615 317 1668 tu
331 1626 367 1668 ex
382 1607 489 1686 opibus
503 1606 544 1666 nil
560 1609 652 1667 sumis
665 1605 743 1667 tuisi

100 1688 231 1759 Mecum,
248 1692 360 1769 inquit,
376 1709 442 1750 mea
456 1697 525 1750 sunt
540 1697 654 1750 cuncta.
685 1689 769 1749 'luno
783 1691 872 1769 pauci
887 1697 1018 1762 enatant,

100 1771 177 1842 Quia
192 1771 292 1850 plures
307 1790 396 1833 onere
410 1773 561 1849 degravati
576 1775 738 1850 perierant.
1027 1780 1062 1833 16

100 1855 270 1916 Praedones
284 1856 405 1926 adsunt,
420 1857 555 1933 rapiunt,
571 1855 650 1935 quod
665 1857 790 1936 quisque
806 1855 921 1928 extulit,

101 1939 203 2000 Nudos
216 1940 395 2019 relinquunt.
427 1940 516 2000 Forte
531 1939 722 2001 Clazomenae
736 1957 831 2018 prope

101 2024 230 2102 Antiqua
244 2025 302 2085 luit
316 2022 403 2094 urbs,
419 2042 507 2103 quam
521 2026 672 2102 petierunt
686 2023 832 2100 naufragi.

100 2106 157 2167 Hic
172 2107 339 2168 litterarum
354 2108 473 2187 quidam
488 2107 586 2168 studio
601 2107 728 2177 deditus,

101 2189 264 2250 Simonidis
278 2192 330 2269 qui
345 2208 432 2269 saepe
446 2207 549 2270 versus
562 2190 677 2266 legerat

100 2272 231 2352 Eratque
246 2272 377 2333 absentis
392 2273 553 2334 admirator
567 2276 722 2343 maximus,

100 2355 244 2416 Sermone
260 2354 297 2416 ab
312 2358 377 2436 ipso
392 2359 542 2434 cognitum
557 2357 748 2440 cupidissime

101 2440 145 2500 Ad
161 2458 192 2500 se
208 2442 337 2520 recepit;
353 2447 448 2512 veste,
464 2444 608 2511 nummis,
624 2440 736 2501 familia

101 2521 258 2583 Hominem
273 2527 435 2584 exornavit.
465 2524 564 2585 Ceteri
579 2522 709 2583 tabulam
724 2541 807 2584 suam

100 2604 224 2667 Portant
236 2613 375 2684 rogantes
389 2609 509 2667 victum.
538 2604 617 2676 Quos
632 2624 704 2667 casu
718 2605 819 2668 obvios
1026 2616 1064 2670 25

102 2689 267 2751 Simonides
281 2697 314 2750 ut
328 2691 416 2751 vidit:
446 2690 529 2760 Dixi,
545 2692 656 2769 inquit,
672 2706 738 2750 mea

99 2771 214 2834 Mecum
229 2791 294 2834 esse
310 2780 431 2844 cuncta;
447 2792 498 2834 vos
512 2774 591 2853 quod
606 2775 763 2852 rapuistis,
779 2773 871 2851 perit.

417 2973 611 3034 uAnvnA
631 2973 742 3034 xxm.
770 2953 772 2957 ’

342 3077 474 3132 MONS
491 3079 812 3133 PARTVRIENS.

142 3178 226 3241 Mons
239 3179 420 3260 parturibat,
437 3184 566 3259 gemitus
579 3185 714 3242 inmanes
728 3183 820 3252 ciens,

100 3263 230 3343 Eratque
244 3264 277 3324 in
292 3266 383 3326 terris
396 3267 523 3326 maxima
539 3265 728 3344 exspectatio.

100 3349 137 3409 At
150 3348 200 3408 ille
214 3365 329 3408 murem
342 3351 470 3428 peperit.
500 3349 563 3409 Hoc
578 3349 721 3426 scriptum
736 3344 860 3419 esttibi,

100 3429 172 3503 Qui,
189 3447 295 3511 magna
309 3447 378 3492 cum
391 3434 531 3513 minaris,
548 3433 676 3494 extricas
690 3430 774 3494 nihil.
