2346 3840
120 204 164 270 44
401 210 562 265 PHAEDRI
582 209 806 266 rABVuARVM

123 363 196 422 Vsus
211 365 315 440 poetae
331 377 413 420 more
430 367 475 420 est
491 367 521 419 et
535 360 657 419 licentia

121 447 216 524 Atque
231 446 412 520 interposuit
426 445 544 521 gemina
558 442 656 503 Ledae
671 444 808 521 pignera,

121 529 334 588 Auctoritatem
349 528 454 588 similis
469 528 605 587 referens
623 527 744 604 gloriae.

122 613 203 691 Opus
217 610 406 692 adprobavit;
422 611 475 671 sed
489 611 638 671 mercedis
653 613 772 670 tertiam

121 697 243 775 Accepit
254 703 381 774 partem.
412 695 487 756 Cum
500 696 645 755 relicuam
659 701 810 772 posceret:

121 780 181 850 iili,
197 782 309 859 inquIt,
325 779 465 849 reddent,
482 797 609 858 quorum
624 785 693 839 sunt
708 778 805 838 laudis
820 778 905 839 duac.

120 863 245 934 Verum,
261 871 294 924 ut
308 881 345 924 nc
360 865 437 923 irate
451 869 481 923 te
496 863 653 923 dimissum
668 879 789 923 censeas

121 949 165 1008 Ad
180 966 283 1008 cenam
298 947 372 1008 mihi
386 949 543 1026 promitte;
559 952 700 1023 cognatos
716 947 780 1005 volo

120 1031 215 1092 Hodie
230 1033 371 1101 invitare,
388 1048 513 1110 quorum
529 1047 561 1090 es
575 1031 608 1089 in
623 1047 747 1089 numero
760 1028 846 1089 mihi.

121 1116 288 1178 Fraudatus
301 1117 435 1193 quamvis
449 1121 480 1174 et
494 1113 598 1174 dolens
612 1114 731 1183 iniuria,

121 1201 165 1262 Ne
179 1199 255 1260 maie
270 1198 462 1259 dissimulans
475 1200 600 1276 gratiam
615 1203 829 1274 corrumperet,

120 1283 272 1345 Promisit.
302 1282 403 1342 Rediit
416 1282 490 1342 hora
505 1281 599 1350 dicta,
615 1280 765 1339 recubuit.

122 1365 303 1446 Splendebat
317 1365 410 1426 hilare
425 1363 540 1444 poculis
554 1365 738 1434 convivium3

120 1451 225 1528 Magno
241 1450 384 1529 adparatu
398 1449 474 1510 lacta
489 1446 647 1508 resonabat
662 1448 775 1518 domus,

120 1533 254 1613 Repente
269 1533 327 1595 duo
343 1552 411 1594 cum
425 1535 548 1594 iuvenes
564 1534 660 1611 sparsi
675 1529 806 1611 pulv'ere,

121 1618 235 1679 Sudore
250 1618 344 1678 multo
359 1617 544 1687 diffluentes,
560 1633 684 1695 corpore

120 1702 285 1762 Humanam
299 1719 388 1779 supra
402 1701 543 1770 formam,
552 1700 678 1776 ‚cuidam
692 1699 810 1760 servulo

120 1786 273 1858 Mandant,
291 1791 324 1844 ut
339 1783 374 1843 ad
390 1801 421 1844 se
435 1789 577 1862 provocet
592 1782 791 1853 Simonidem

16 1926 18 1930 ,
120 1869 204 1930 lilius
218 1870 379 1936 interesse,
397 1883 435 1926 ne
449 1867 539 1928 iaciat
554 1884 676 1926 moram.

120 1952 214 2013 Homo
228 1950 421 2031 perturbatus
436 1952 545 2011 excitat
560 1950 752 2012 Simonidem.

121 2038 215 2097 Vnum
231 2042 384 2115 promorat
398 2036 447 2095 vix
461 2035 569 2114 pedem
583 2034 728 2105 triclinio,

119 2120 216 2180 Ruina
232 2136 366 2180 camarae
381 2118 479 2179 subito
494 2122 643 2197 oppressit
657 2127 789 2188 ceteros:

121 2204 183 2265 Nec
197 2202 251 2263 ulli
265 2205 387 2263 iuvenes
402 2209 472 2262 sunt
485 2205 598 2281 reperti
613 2202 650 2262 ad
665 2204 793 2262 ianuam.

120 2286 158 2347 Vt
173 2293 219 2346 est
233 2283 368 2363 vulgatus
383 2284 456 2345 ordo
470 2292 608 2346 narratae
624 2287 680 2355 rei,

73 2432 78 2441 ,
122 2369 232 2431 Omnes
246 2371 379 2429 scierunt
393 2370 549 2429 numinum
563 2370 763 2448 praesentiam

120 2453 188 2513 Vati
203 2453 320 2514 dedisse
336 2455 426 2513 vitam
440 2454 588 2514 mercedis
601 2454 677 2514 loco.

309 2583 450 2651 ron'na
466 2600 525 2649 An
542 2598 894 2656 raramovnonnm

162 2701 264 2763 Adhuc
279 2709 439 2780 supersunt
453 2701 559 2772 midta,
576 2720 650 2781 quae
665 2704 778 2781 possim
791 2703 883 2783 loqui,

120 2785 159 2847 Et
174 2787 293 2864 copiosa
309 2784 438 2847 abundat
453 2802 555 2845 rerum
570 2787 714 2856 varietas;

121 2869 178 2930 Sed
195 2874 376 2948 temperatae
387 2885 497 2938 ‚suaves
512 2875 580 2928 sunt
596 2871 739 2945 argutiae,

118 2952 296 3014 Immodicae
312 2951 473 3012 offendunt.
502 2950 614 3022 Quare,
630 2953 677 3011 vir
692 2955 888 3023 sanctissime,

119 3036 286 3106 Particuio,
302 3036 415 3096 chartis
429 3054 537 3097 nomen
551 3039 699 3097 victurum
713 3039 799 3109 meis,

118 3118 235 3180 Latinis
250 3119 320 3180 dum
335 3119 467 3180 manebit
480 3122 612 3200 pretium
626 3120 745 3190 litteris,

120 3202 152 3262 Si
168 3221 227 3263 non
241 3204 408 3281 ingenium,
425 3211 506 3264 certe
522 3203 699 3265 brevitatem
713 3203 853 3284 adproba,

120 3284 201 3356 Quae
217 3288 409 3352 commendari
423 3294 506 3348 tanto
521 3286 610 3348 debet
624 3289 742 3359 iustius,

119 3371 235 3441 Quanto
249 3376 356 3452 poetae
371 3378 441 3432 sunt
453 3372 569 3432 molesti
584 3371 720 3433 validius.

498 3522 701 3532 ...κ-...-
