2346 3840
492 226 684 286 APPENDIX.
1028 224 1070 290 55

106 378 236 447 Corona,
252 376 352 448 miles,
368 377 507 457 equidem
521 384 551 437 te
566 378 643 438 douo
657 376 765 449 libens,
1036 385 1071 438 to

106 461 189 532 Quod
204 461 360 522 vindicasti
374 461 492 522 laudem
505 461 631 522 Romani
643 463 760 541 inperi;

107 545 166 605 Sed
181 544 382 606 exstillescant
396 545 473 606 oculi
488 546 548 614 sic,
564 547 679 624 inquit,
694 548 763 615 mei,

105 628 207 708 Turpe
223 627 296 688 illud
311 630 431 690 imitans
446 631 494 690 ius
508 628 668 690 iurandum
682 628 797 699 militis,

107 711 171 773 Nisi
185 719 219 773 tu
234 711 384 773 abstulisti
400 713 532 773 sarcinas
546 729 643 792 nuper
658 731 749 774 meas.

250 931 254 937 ,
455 864 645 925 FABVLA
666 865 719 925 IX.

299 962 421 1026 NNO,
440 961 583 1014 VENVS
599 963 655 1014 ET
674 962 887 1048 emnem*

148 1049 222 1110 Cum
237 1050 404 1109 castitatem
419 1047 492 1108 Iuno
507 1046 642 1109 laudaret
656 1066 749 1119 suam,

105 1131 301 1194 Iucunditatis
315 1149 435 1193 causam
449 1150 509 1192 nou
523 1134 635 1211 sprevit
651 1133 758 1202 Venus,

106 1215 282 1296 Nullamque
297 1224 332 1278 ut
345 1216 509 1278 affirmaret
523 1233 588 1276 esse
604 1215 648 1276 illi
662 1233 775 1295 parem,

105 1299 310 1378 Interrogasse
326 1301 370 1361 sic
385 1300 524 1379 gallinam
539 1300 662 1360 dicitur:

106 1384 158 1444 llic
174 1385 274 1455 sodes,
291 1391 401 1463 quanto
416 1386 513 1463 possis
528 1386 631 1445 satiari
646 1383 724 1446 cibo.

105 1468 272 1548 Respondit
286 1467 352 1528 illa:
383 1467 530 1547 Quicquid
546 1468 681 1538 dederis,
698 1469 854 1540 sanserit,

106 1552 171 1622 Sic,
188 1560 220 1613 ut
235 1552 379 1612 concedas
394 1551 522 1631 pedibus
537 1549 649 1629 aliquid
664 1550 807 1630 scalpere.

106 1635 150 1696 Ne
166 1636 293 1714 scalpus,
309 1637 421 1715 inquit,
438 1637 510 1697 satis
525 1643 571 1696 est
584 1636 701 1696 modius
716 1637 827 1697 triticli

105 1720 211 1790 Plane,
228 1722 319 1779 immo
334 1721 461 1780 nimium
476 1726 536 1790 est,
552 1720 605 1780 sed
620 1721 759 1799 permitte
774 1719 919 1799 scalpere.

106 1804 149 1863 Ex
164 1811 240 1873 toto,
257 1804 368 1882 nequid
383 1804 512 1884 scalpas,
528 1804 601 1883 quid
616 1804 787 1865 desiderasl
1034 1811 1068 1862 10

106 1888 182 1947 Tum
198 1887 326 1966 denique
342 1888 393 1948 illa
408 1889 486 1948 lassa
501 1896 547 1948 est
560 1896 683 1948 naturae
697 1888 822 1949 malum:

105 1971 189 2032 Licet
203 1971 344 2031 horreum
358 1973 399 2030 mi
415 1977 528 2049 pateat,
545 1988 599 2049 ego
614 1969 744 2050 scalpam
758 1978 869 2033 tamen.

104 2054 218 2115 Risisse
233 2054 307 2115 luno
322 2055 433 2116 dicitur
448 2054 571 2116 Veneris
585 2056 661 2125 ioco,

104 2137 180 2208 Quia
194 2157 249 2219 per
264 2138 403 2217 gallinam
419 2139 569 2199 denotarit
584 2139 720 2200 feminas.

459 2292 651 2353 FABVLA
671 2293 709 2352 X.

266 2389 614 2442 renueremus
631 2390 687 2441 nu
703 2375 990 2443 susorvsd

280 2468 425 2535 Quomodo
443 2468 584 2523 domando
600 2469 638 2523 sii
653 2470 734 2524 ferox
749 2469 889 2524 iuventus.

146 2558 363 2618 Paterfamilias
377 2576 498 2618 saevum
512 2556 642 2618 habebat
657 2558 761 2618 filium.

103 2642 160 2702 llic
175 2660 191 2701 e
207 2648 368 2721 conspectu
382 2660 448 2701 cum
464 2643 559 2720 patris
572 2648 747 2712 recesserat,

103 2724 288 2785 Verberibus
303 2743 405 2786 servos
418 2724 569 2785 alliciebat
582 2725 720 2804 plurimis

103 2809 141 2869 Et
156 2808 314 2870 exercebat
329 2808 473 2869 fervidam
489 2808 727 2870 adolescentiam.

104 2895 237 2971 Aesopus
252 2910 323 2970 ergo
338 2901 440 2953 narrat
454 2893 510 2954 hoo
525 2892 657 2958 breviter
672 2895 752 2954 seui:

102 2975 228 3046 Quidam
244 2978 369 3036 iuvenco
384 2977 514 3037 vetulum
530 2977 711 3054 adiungebat
726 2976 841 3038 bovem.

102 3060 132 3121 ls
147 3078 215 3120 cum
230 3061 383 3138 refugiens
397 3061 497 3137 inpari
512 3060 587 3120 collo
601 3062 703 3137 iugum

103 3146 215 3204 Aetatis
231 3150 387 3205 excusaret
401 3146 481 3203 vires
496 3141 664 3220 languidas:

102 3227 168 3288 Non
183 3236 229 3289 est
243 3228 322 3308 quod
337 3230 456 3298 timeas,
472 3229 571 3305 iuquit
585 3228 630 3287 illi
645 3231 792 3299 rusticus:

103 3312 168 3371 Non
183 3320 216 3371 ut
230 3312 348 3372 labores
363 3313 456 3382 lacio,
473 3312 526 3372 sed
541 3318 581 3372 ut·
589 3314 677 3372 istum
693 3312 804 3382 domes,
1035 3321 1067 3372 10

102 3393 159 3464 Qui
173 3396 254 3455 calce
270 3402 301 3455 et
315 3414 409 3456 cornu
423 3394 531 3456 multos
546 3396 646 3456 reddit
660 3395 784 3456 debiles.

102 3479 140 3539 Et
154 3487 186 3538 tu
201 3481 260 3539 nisi
272 3481 366 3540 istum
379 3487 480 3541 tecum
494 3479 614 3542 assidue
629 3479 753 3541 detines
825 3487 829 3493 ’
