2346 3840
160 196 202 262 52
440 199 599 256 PHAEDRI
622 201 847 257 FABVLARVM

506 386 698 446 PABVLA
719 386 773 446 IV.

377 484 667 536 Pnonfflmvs
684 484 739 535 ΕΤ
756 482 907 536 DOLVS.

443 565 485 619 De
503 565 623 620 veritate
642 566 672 619 et
687 564 843 618 mendacio.

204 672 281 734 Olim
296 671 490 732 Prometheus
504 670 598 731 seculi
612 670 720 747 figulus
735 670 803 731 novi

161 756 238 817 Cura
253 756 356 816 subtili
370 756 534 816 Veritatem
548 755 672 826 fecerat,

160 840 198 899 Vt
213 843 278 901 iura
292 847 394 919 posset
406 841 487 900 inter
502 839 638 900 homines
652 838 791 900 reddere.

162 922 268 984 Subito
283 925 445 984 accersitus
460 925 564 983 nuntio
579 926 679 1000 magni
693 922 771 983 lovis

161 1008 353 1069 Commendat
367 1009 516 1068 officinam
529 1006 630 1068 lallaci
644 1006 726 1076 Dolo,

161 1091 195 1151 ln
211 1092 398 1171 disciplinam
414 1108 510 1169 nuper
525 1108 615 1170 quem
629 1097 796 1170 receperat.

161 1175 217 1235 Hic
232 1176 330 1237 studio
343 1193 500 1245 accensus,
516 1175 594 1235 lacie
608 1175 802 1235 simulacrum
816 1175 893 1252 pari,

161 1260 224 1319 Vna
239 1265 365 1328 statura,
381 1259 479 1319 simile
494 1264 524 1317 ct
538 1256 682 1318 membris
697 1257 844 1328 omnibus

160 1341 237 1403 Dum
252 1350 369 1422 tempus
383 1342 502 1411 habuit,
520 1340 626 1402 callida
640 1343 727 1402 fluxit
742 1360 843 1402 manu.

161 1425 244 1496 Quod
259 1445 352 1506 prope
367 1429 426 1488 iam
441 1433 535 1488 totum
550 1429 626 1487 mire
640 1445 707 1488 cum
721 1429 852 1506 positum
866 1428 952 1498 toret,

160 1510 269 1571 Lutum
283 1512 319 1571 ad
334 1511 485 1571 iaciendos
500 1510 545 1571 illi
559 1511 669 1572 deiecit
683 1512 787 1590 pedes.

160 1593 250 1655 Redit
264 1597 419 1672 magister,
436 1613 495 1674 quo
509 1597 687 1656 festinanter
701 1594 791 1656 Dolus

160 1677 241 1739 Metu
255 1678 392 1739 turbatus
406 1679 436 1738 iu
451 1697 504 1738 suo
518 1680 596 1739 sedit
610 1678 685 1739 loco.

160 1761 271 1822 Mirans
285 1761 481 1822 Prometheus
495 1768 608 1822 tautam
622 1761 856 1833 similitudinem,

160 1844 302 1925 Propriae
318 1846 414 1905 videri
428 1845 521 1906 voluit
536 1847 611 1906 artis
625 1845 760 1924 gloriam.

159 1928 256 2007 Igitur
269 1931 384 1991 tornaci
397 1933 512 2009 pariter
527 1931 585 1991 duo
600 1932 686 2008 signa
699 1931 817 2001 intulit;

160 2012 276 2084 Quibus
290 2017 441 2094 percoctis
456 2023 543 2095 atque
558 2015 657 2075 intuso
672 2017 789 2092 spiritu,

160 2098 291 2158 Modesto
305 2116 411 2176 gressu
425 2106 526 2159 sancta
539 2100 665 2160 incessit
677 2097 810 2168 Veritas3

160 2184 198 2242 ht
211 2189 316 2243 trunca
332 2184 446 2260 species
461 2183 559 2243 haesit
572 2184 605 2242 in
620 2184 756 2259 vestigio.
847 2182 855 2190 '

160 2264 245 2325 Tunc
259 2265 331 2324 falsa
345 2267 444 2342 imago
458 2273 546 2344 atque
562 2267 663 2344 operis
677 2265 781 2326 furtivi
796 2263 881 2326 labor

160 2348 345 2409 Mendacium
362 2349 541 2428 adpellatum
556 2355 616 2421 est;
632 2350 711 2429 quod
725 2349 905 2426 negantibus

159 2432 255 2493 Pedes
270 2433 380 2493 hahere
396 2435 491 2495 tacitis
507 2442 552 2494 est
567 2436 734 2495 consensio.

203 2517 344 2577 Simulata
359 2518 509 2577 interdum
524 2519 597 2577 vitia
611 2523 738 2596 prosunt
754 2517 936 2587 hominihus,

161 2599 219 2660 Sed
232 2607 366 2679 tempore
380 2602 447 2681 ipso
461 2607 560 2662 tamen
576 2608 700 2680 apparet
714 2603 836 2664 veritas.

516 2752 710 2814 FABVLA
731 2753 770 2815 V.

545 2851 729 2903 Avcuolt.

333 2929 448 2985 Sensum
466 2929 671 2984 aestimandum
689 2947 762 3000 esee,
780 2946 837 2986 non
855 2929 950 2986 verba.

200 3034 285 3095 Ixion
300 3036 378 3116 quod
392 3039 506 3097 versari
520 3045 659 3098 narratur
673 3045 747 3107 rota,

159 3117 326 3179 Volubilem
341 3119 502 3181 Fortunam
516 3123 622 3183 iactari
637 3122 733 3182 docet.

159 3202 308 3263 Adversus
322 3203 397 3264 altos
412 3203 556 3283 Sisyphus
570 3213 688 3266 montes
703 3222 793 3281 agens

160 3287 270 3347 Saxum
284 3285 385 3348 labore
400 3306 530 3358 summo,
546 3290 625 3369 quod
640 3288 677 3349 de
691 3291 814 3359 vertice,

157 3371 274 3430 Sudore
290 3389 408 3449 semper
422 3374 510 3433 irrito
525 3374 697 3444 revolvitur,

142 3452 288 3515 Ostendit
300 3455 461 3519 hominum
477 3458 543 3520 sine
559 3457 617 3519 fine
633 3474 700 3519 esse
715 3459 860 3519 miserias.
