2346 3840
494 208 687 266 APPENDIX.

448 443 639 504 FABVLA
660 443 740 503 XXI.

347 559 534 611 V1Auols
558 558 618 610 ΕΤ
645 556 842 610 CORVVS.

246 664 347 721 Verbis
364 681 563 735 saepenumero
581 662 706 718 homines
724 663 817 731 decipi
833 661 932 719 solere.

153 777 280 848 Quidam
294 797 350 859 per
364 797 450 857 agros
468 780 587 840 devium
602 795 726 857 carpens
740 779 799 838 iter

111 863 183 923 dvis
198 865 350 925 exaudivit
365 871 394 924 et
408 870 541 924 moratus
555 863 715 942 paululum,

111 948 222 1008 Adesse
237 957 270 1009 ut
284 948 358 1008 vidit
371 950 537 1018 neminem,
554 949 634 1025 cepit
647 945 782 1024 gradum.

111 1031 223 1092 Iterum
238 1032 346 1092 salutat
359 1032 439 1092 idem
454 1049 491 1091 er
505 1031 621 1092 occulto
636 1047 736 1091 sonus.

113 1112 188 1175 Voce
204 1115 343 1193 hospitali
359 1117 549 1176 confirmatus
562 1117 683 1184 restitit,

110 1198 162 1268 Vt,
178 1200 315 1279 quisquis
329 1207 424 1269 esset,
439 1217 493 1278 par
508 1198 638 1259 osticium
652 1198 813 1275 reciperet.

111 1281 184 1342 Cum
199 1285 451 1361 circumspectans
466 1299 569 1342 errore
584 1281 730 1342 haesisset
745 1281 797 1341 diu

110 1365 148 1426 Et
162 1366 344 1444 perdidisset
357 1373 474 1444 tempus
489 1365 602 1445 aliquot
617 1364 740 1434 milium,

111 1448 248 1509 Ostendit
262 1468 329 1510 sese
344 1456 449 1510 corcus
464 1455 494 1508 et
508 1450 700 1528 supervolans

110 1533 180 1592 Avn
195 1551 289 1612 usque
303 1535 439 1610 ingessit.
468 1532 545 1593 Tum
561 1552 593 1593 se
607 1534 706 1594 lusum
720 1533 912 1610 intellegensz
1038 1540 1072 1592 10

110 1617 147 1677 lt
162 1615 237 1676 male
252 1615 307 1676 tibi
323 1620 376 1688 sit,
392 1619 502 1697 inquit,
519 1618 581 1678 ales
595 1621 734 1696 pessime,

110 1696 167 1767 Qui
182 1701 350 1762 festinantis
365 1703 409 1762 sic
424 1701 580 1762 detinuisti
594 1702 696 1780 pedes.

435 1885 627 1946 FABVLA
647 1887 743 1946 XXII.

359 1989 526 2043 Pasuon
540 1990 596 2041 ΕΤ
615 1989 819 2043 aarum.

276 2087 325 2142 Nil
342 2088 484 2142 occultum
500 2103 573 2155 esse,
592 2087 668 2155 quod
685 2104 742 2142 non
758 2087 907 2143 reveletur.

149 2201 256 2262 Pastor
271 2203 402 2281 capellae
417 2220 511 2263 cornu
525 2201 632 2262 baculo
647 2202 793 2278 fregerat:

106 2284 224 2363 Rogare
239 2289 352 2365 coepit,
368 2305 406 2346 nc
422 2304 453 2346 se
469 2287 588 2347 domino
603 2285 754 2364 proderet.

107 2366 248 2437 Quamvis
262 2371 385 2447 indigne
399 2370 493 2439 laesa,
509 2368 642 2428 reticebo
657 2375 772 2438 tamem

108 2451 166 2512 Sed
181 2471 231 2513 res
246 2452 384 2513 clamabit
397 2455 476 2533 ipsa,
494 2453 565 2532 quid
581 2452 753 2531 deliqueris.

429 2653 619 2713 FABVLA
641 2653 751 2714 XXIII.

346 2757 535 2810 BERPIINS
551 2759 607 2811 ΕΤ
624 2759 832 2815 LAcuRrAt

174 2854 230 2910 Ubi
246 2856 336 2912 leonis
353 2856 436 2926 pellis
453 2856 559 2924 deficit,
577 2857 723 2927 vulpinam
739 2857 912 2912 induendam
929 2874 997 2925 esse,

240 2923 295 2978 hoc
312 2924 367 2992 est,
385 2923 435 2978 ubi
452 2924 585 2979 deficiunt
600 2925 687 2992 vires,
705 2927 768 2980 astu
785 2925 929 2980 utendum.

148 3035 279 3116 Serpens
292 3038 433 3099 lacertam
448 3039 525 3098 iorte
540 3039 692 3100 adversam
707 3040 883 3118 prenderat;

104 3118 200 3189 Quam
214 3121 356 3183 devorare
371 3122 471 3201 patula
486 3141 554 3182 cum
567 3123 655 3183 vellet
670 3125 747 3200 gula,

105 3204 241 3283 Arripuit
256 3205 308 3264 illa
321 3224 414 3285 prope
428 3208 576 3267 iacentem
591 3208 751 3280 surculum,

102 3286 142 3347 Et
156 3290 302 3366 pertinaci
317 3308 420 3351 morsu
432 3297 635 3352 transversum
648 3299 763 3363 tenens,
815 3344 818 3349 .

103 3371 228 3432 Aridum
244 3372 358 3433 sollerti
374 3377 483 3435 rictum
497 3376 627 3436 frenavit
640 3394 734 3437 mora.

102 3453 248 3516 Praedam
263 3456 376 3517 dimisit
392 3477 444 3520 ore
459 3477 585 3541 serpeus
597 3461 736 3521 irritam.
