2346 3840
510 218 618 274 LIBER
637 219 673 275 V.

303 589 305 594 Ι
353 523 355 527 ’
400 499 543 560 LIBER
565 499 787 571 QVINTVS.

451 633 562 684 mum
578 615 729 685 roura.
754 608 757 613 ’

152 733 261 813 llesopi
275 749 382 795 nomen
398 734 496 796 sicubi
510 738 730 814 interposuere,

110 819 164 880 Cui
179 817 298 879 reddidi
312 820 372 880 iam
386 819 504 897 pridem
519 820 658 899 quiequid
674 816 775 887 debui,

110 902 302 963 Auctoritatis
317 919 383 962 esse
398 904 473 962 scito
488 906 596 980 gratia:

109 984 147 1045 Vt
160 985 281 1065 quidam
296 987 426 1046 artifices
440 992 541 1047 nostro
556 987 669 1048 iaciunt
683 982 793 1056 seculo,

110 1068 167 1140 Qui
181 1071 313 1148 pretium
328 1069 469 1148 operibus
483 1072 578 1131 maius
592 1071 763 1139 inveniunt,
780 1086 854 1129 novo
1055 1073 1073 1126 5

111 1153 143 1214 Si
158 1154 301 1215 marmori
316 1153 540 1232 adscripserunt
553 1152 721 1215 Praxitelen
736 1171 799 1224 suo,

110 1236 195 1297 'lrito
209 1236 362 1316 Myronem
378 1246 515 1315 argento,
531 1236 648 1298 tabulae
664 1234 833 1297 Zeuxidem.

111 1321 192 1382 Adeo
206 1322 322 1383 fucatae
337 1321 406 1400 plus
419 1322 558 1382 vetustati
571 1322 649 1382 lavet
822 1389 824 1393 ἲ

110 1403 225 1465 Invidia
238 1404 362 1465 mordax
375 1422 466 1482 quam
481 1403 567 1465 bonis
582 1403 800 1482 praesentibus.

111 1486 171 1549 Sed
185 1490 245 1549 iam
260 1487 297 1548 ad
311 1486 449 1549 tabellam
464 1487 532 1548 talis
547 1489 675 1567 exempli
689 1488 783 1548 feror.
1039 1491 1073 1547 10

469 1706 662 1768 FABVLA
685 1705 713 1766 Ῑ.

164 1820 415 1873 cuneumve
431 1821 523 1872 nux
539 1821 595 1872 nn
611 1819 856 1871 unumne
871 1803 1020 1875 nobum

237 1919 382 1984 Quomodo
400 1934 485 1986 saepe
501 1917 619 1972 fallatur
634 1916 780 1971 bominum
796 1915 939 1971 iudicium.

153 2040 337 2112 Demetrius,
354 2042 405 2120 qui
421 2040 519 2101 dictus
535 2047 580 2100 est
593 2038 762 2110 Phalereus,

112 2122 243 2186 Athenas
258 2126 412 2203 occupavit
426 2125 544 2203 inperio
559 2122 696 2202 inprobo.

111 2208 149 2268 Vt
163 2226 227 2268 mos
242 2214 287 2268 est
301 2208 395 2285 vulgi,
410 2211 523 2286 passim
539 2215 570 2268 et
584 2209 720 2268 certatim
734 2207 796 2267 ruit

112 2291 326 2364 „Felicitorl“
341 2292 535 2353 succlamans.
565 2290 626 2370 lpsi
640 2293 794 2370 principes

111 2375 195 2436 lllam
210 2375 395 2446 osculantur,
411 2393 470 2454 qua
485 2384 554 2436 sunt
568 2376 718 2453 oppressi,
734 2391 864 2446 manum,
1056 2381 1075 2432 5

112 2458 214 2520 Tacite
228 2465 384 2536 gementes
398 2459 514 2519 tristem
529 2459 665 2518 fortunae
679 2458 786 2519 vicem.

113 2542 191 2613 Quin
206 2544 297 2603 etiam
313 2542 429 2604 resides
444 2550 475 2604 et
489 2549 647 2622 sequentes
662 2543 764 2612 otium,

113 2626 158 2687 Ne
174 2625 304 2686 doluisse
318 2633 437 2696 noceat,
453 2634 563 2704 repunt
578 2626 690 2696 ultimi;

112 2709 148 2770 In
162 2710 231 2788 quis
244 2707 421 2780 Menander,
437 2709 548 2770 nobilis
562 2709 733 2778 comoediis,

113 2791 192 2863 Quas
206 2794 304 2871 ipsum
319 2794 460 2871 ignorans
474 2794 588 2871 legerat
600 2793 768 2854 Demetrius

112 2877 151 2937 Et
166 2875 328 2936 admiratus
342 2878 441 2939 luerat
455 2879 607 2956 ingenium
621 2879 688 2948 viri,

113 2960 268 3036 Vnguento
284 2958 450 3030 delibutus,
466 2964 575 3023 vestitu
589 2961 694 3030 fluens,

113 3042 258 3104 Veniebat
273 3059 378 3121 gressu
393 3043 517 3105 delicato
533 3050 563 3105 et
576 3043 727 3120 languide.

113 3126 199 3188 llunc
212 3125 266 3188 ubi
280 3134 423 3206 tyrannus
437 3128 512 3188 vicit
526 3135 660 3187 extremo
675 3125 808 3205 agminea

113 3209 256 3280 Quisnam
270 3211 412 3273 cinaedus
425 3211 477 3274 ille
492 3213 729 3290 inconspectum
742 3227 842 3271 mcum
1039 3214 1104 3266 15⁴

114 3293 210 3355 Audet
224 3295 345 3356 veniret
374 3295 601 3376 Responderunt
615 3295 758 3373 proximi:

114 3376 171 3438 Hic
186 3386 233 3440 est
246 3379 408 3440 Menander
422 3382 559 3459 scriptor.
589 3379 717 3439 Mutatus
733 3380 846 3440 statim:

114 3460 224 3533 Homo,
240 3463 352 3542 inquit,
368 3465 434 3524 lieri
449 3481 508 3524 non
523 3470 621 3545 potest
634 3463 807 3524 formosior.
