2346 3840
487 223 681 282 arenam.

103 377 245 439 Custodes
259 375 367 438 dantur
380 376 492 436 milites
505 375 682 436 cadaverum

103 461 324 521 Monumentum
338 463 434 529 iuxta,
450 459 632 539 mulierque
647 477 679 518 se
694 457 864 520 incluserat.

104 545 267 622 Aliquando
281 544 386 604 sitiens
399 562 477 604 unus
491 544 527 604 de
542 542 715 604 custodibus

104 630 215 707 Aquam
229 630 344 706 rogavit
357 629 454 689 media
468 635 555 688 nocte
569 625 748 696 ancillulam,

103 711 184 781 Quae
199 712 275 772 forte
290 712 427 772 dominae
439 719 513 772 tunc
527 711 690 772 adsistebat
703 729 775 772 suae

104 795 269 856 Dormitum
284 798 383 865 eunti;
398 814 525 875 namque
539 795 749 856 lucubraverat

104 879 142 939 Et
154 898 249 958 usque
264 882 296 940 in
310 897 410 940 serum
423 879 540 956 vigilias
553 879 743 959 perduxerat

103 962 226 1023 Paulum
242 963 367 1023 reclusis
379 963 495 1024 loribus
509 964 595 1025 miles
612 964 759 1042 prospicit
794 1002 796 1006 .

103 1047 249 1126 Videtque
264 1056 294 1108 et
308 1065 442 1125 aegram,
458 1055 489 1108 et
502 1048 580 1108 iacie
594 1046 719 1126 pulchra
732 1047 885 1107 feminam.

104 1130 264 1210 Conceptus
279 1132 394 1191 animus
408 1131 478 1191 ilico
492 1131 683 1191 succenditur

103 1214 141 1274 Et
155 1216 253 1275 uritur
267 1217 378 1275 sensim
393 1216 558 1294 inpotentis
572 1214 730 1293 cupiditas.

104 1298 215 1359 Sollers
229 1316 353 1359 acumen
368 1299 449 1360 mille
467 1317 572 1360 causas
585 1300 708 1369 invenit,

102 1382 161 1441 Per
175 1400 249 1461 quas
262 1383 364 1442 videre
382 1390 483 1461 posset
496 1383 615 1443 viduam
629 1384 758 1461 saepius.

57 1473 60 1478 ’
104 1464 259 1527 Cotidiana
274 1473 359 1545 capta
374 1466 588 1527 consuetudine

103 1549 247 1610 Paulatim
261 1551 339 1610 iacta
354 1557 400 1610 est
413 1550 543 1610 advenae
559 1549 752 1620 submissior;

102 1632 170 1693 blox
184 1636 295 1694 artiore
309 1635 404 1694 vinxit
418 1636 549 1694 animum
564 1633 679 1713 copula.

103 1716 159 1776 llic
174 1717 244 1777 dum
260 1719 407 1777 consumit
420 1725 523 1779 noctes
537 1725 636 1778 custos
650 1717 785 1794 diligens,

104 1800 311 1861 Desideratum
325 1808 371 1862 est
385 1820 493 1881 corpus
508 1820 545 1862 ex
558 1821 617 1862 una
632 1819 731 1862 cruce.

103 1882 253 1944 Turbatus
267 1885 353 1944 miles
367 1886 477 1946 lactum
492 1888 613 1964 exponit
630 1886 757 1945 mulieri.

103 1969 140 2027 At
154 1974 255 2028 sancta
270 1967 393 2028 mulier:
423 1967 490 2028 Non
505 1968 643 2047 estquod
658 1970 778 2037 timeas,
794 1970 845 2038 ait,

103 2050 224 2130 Virique
239 2050 348 2129 corpus
361 2050 454 2111 tradit
467 2051 615 2128 figendum
629 2052 722 2121 cruci,

103 2133 147 2194 Ne
163 2133 268 2194 subeat
282 2135 330 2194 ille
346 2153 457 2215 poenas
473 2134 689 2213 neglegentiae.

103 2217 153 2278 Sic
167 2219 321 2297 turpitudo
336 2219 432 2280 laudis
447 2218 563 2279 obsedit
576 2219 683 2279 locum.

432 2370 625 2431 FABVLA
645 2370 727 2431 XIV.

143 2468 231 2519 DVO
249 2466 440 2519 rvvms
457 2467 608 2518 SPONSI
623 2465 751 2519 D1vms
768 2466 824 2518 ET
841 2468 1023 2522 PAVPEB.

165 2547 318 2601 Fortrmam
334 2547 476 2602 interdum
492 2549 606 2616 praeter
623 2564 702 2616 spem
718 2546 878 2602 hominibus
894 2548 999 2604 favere.

143 2635 237 2696 Vnam
253 2635 433 2715 expetebant
446 2638 592 2712 virginem
607 2640 729 2697 iuvenes
745 2636 817 2707 duo;

103 2719 179 2778 Vicit
193 2719 326 2798 locuples
338 2737 434 2797 genus
449 2726 479 2779 et
492 2721 617 2780 sormam
631 2722 783 2798 pauperis.

101 2803 139 2862 Vt
153 2804 323 2881 nuptiarum
338 2804 436 2864 dictus
450 2803 570 2863 advenit
584 2803 657 2873 dies,

102 2888 211 2948 Amans
225 2886 358 2947 dolorem
372 2889 442 2966 quia
457 2905 516 2947 nou
531 2893 648 2965 poterat
662 2889 788 2969 perpeti,

101 2970 237 3030 Maerens
251 2973 434 3049 propinquos
449 2971 574 3030 contulit
588 2990 620 3031 se
635 2973 667 3030 in
682 2970 825 3040 hortulos,
1046 2978 1066 3030 b

102 3053 182 3123 Quos
196 3053 275 3113 ultro
289 3054 377 3131 paulo
392 3052 460 3112 villa
476 3052 546 3113 ditis
560 3052 715 3131 splendida

102 3137 174 3197 Erat
189 3143 347 3214 acceptura
362 3137 509 3212 virginem
525 3154 540 3195 e
556 3137 660 3196 matris
675 3138 752 3207 sinu,

101 3220 211 3280 Parum
226 3219 322 3298 ampla
336 3221 369 3279 in
384 3219 458 3280 urbe
474 3222 536 3280 visa
551 3219 630 3299 quod
644 3220 743 3280 luerat
757 3220 872 3281 domus.

100 3303 213 3382 Pompa
228 3303 407 3381 explicatur,
423 3302 510 3363 turba
526 3306 678 3364 concurrit
692 3304 842 3382 frequens,

102 3386 140 3446 Et
154 3386 340 3463 coniugalem
355 3385 480 3466 praebet
493 3387 681 3467 Hymenaeus
695 3388 801 3449 lacem.
900 3439 903 3446 .
1030 3391 1071 3439 lb
1146 3406 1150 3415 ·

102 3469 219 3529 Asellus
234 3476 347 3540 autem,
363 3472 415 3551 qui
430 3470 546 3533 solebat
559 3472 693 3552 pauperi
