2346 3840
298 228 347 285 DE
360 230 523 285 PHAEDRI
536 228 624 286 VITA
637 228 685 284 ΕΤ
699 228 867 284 SCRIPTIS.
1000 252 1002 256 ’
1027 237 1066 287 lx

101 377 168 438 bum
189 386 331 450 exeunte,
360 382 446 440 cuius
470 381 536 439 vitii
562 379 692 458 plurima
713 379 847 458 exempla
865 377 1001 438 Phaedro
1020 379 1068 444 in.

101 461 196 523 tulere
216 463 306 524 docti.

164 547 363 626 Anapaestum
383 549 494 628 ubique
521 566 577 628 pro
599 547 730 626 spondeo
752 550 823 626 poni
850 548 896 608 fas
918 552 977 617 est,
1008 563 1066 626 qua

66 699 68 702 .
102 637 200 690 tamen
220 638 341 710 praeter
360 635 491 711 primum
511 639 542 692 et
562 633 700 709 quintum
719 631 818 692 locum
837 649 898 691 non
918 633 959 691 ita
977 648 1065 709 saepe

101 716 196 776 utitur
216 717 345 794 scriptor
366 718 467 786 venia,
490 734 546 776 nec
566 734 637 775 vero
658 734 799 795 nmquam
820 714 857 775 ab
879 714 984 775 eodem
1002 714 1067 774 bini

101 799 313 864 continuantur
333 800 425 878 pedes
444 800 601 860 eiusmodi.
645 799 767 878 Dactylo
783 802 815 859 in
829 801 927 877 prima
946 799 1065 877 potissi-

102 899 183 940 mum
203 884 351 961 tertiaque
370 889 400 943 et
414 890 520 961 quarta
535 882 605 943 sede
620 882 704 943 locus
719 889 774 942 est.
818 882 1066 943 Proeeleusmati·

102 983 155 1024 cus
171 970 286 1026 tantum
300 968 388 1027 initio
403 969 515 1027 senarii
530 966 699 1027 adhibetur.
729 965 892 1027 Praeterea
905 965 1067 1034 notandum

103 1050 178 1108 arsis
194 1048 350 1110 solvendae
365 1068 478 1110 morem
494 1053 550 1111 etsi
567 1053 639 1111 satis
660 1051 865 1130 frequentem,
885 1058 986 1112 tamen
1000 1050 1066 1129 plu-

102 1135 212 1193 rimum
226 1135 259 1193 in
274 1133 425 1195 vocabulis
440 1134 506 1213 plus
521 1153 610 1214 quam
626 1134 780 1214 disyllabis
794 1136 935 1195 inveniri.
962 1133 1006 1193 Ex
1022 1136 1067 1192 eis

103 1218 291 1295 excipiuntur
311 1219 535 1279 trldruclrmem
561 1218 608 1278 vel
633 1220 665 1279 in
687 1217 873 1279 tribrachum
895 1218 1067 1278 exeuntium

96 1307 205 1377 partes
218 1303 410 1376 paenultima
424 1309 455 1363 et
468 1305 590 1376 ultimo,
615 1304 647 1362 in
667 1320 756 1381 quam
778 1303 903 1363 solutam
918 1303 1002 1362 arsin
1018 1319 1067 1361 ca-

103 1385 174 1445 dere
186 1384 279 1446 nefas.
296 1385 349 1446 Est
358 1385 411 1448 ubi
426 1388 459 1446 in
474 1385 629 1465 disyllabis
644 1385 817 1447 admittatur
833 1387 953 1454 eadem;
968 1386 1067 1445 rarius

103 1468 198 1528 multo
213 1470 314 1528 evenit
333 1477 367 1529 ut
387 1469 588 1547 monosyllabo
610 1478 753 1549 sequente
773 1470 841 1550 plus
858 1486 948 1549 quam
963 1485 1066 1528 mono·

104 1551 216 1630 syllabo
231 1553 418 1613 contineatur
434 1554 523 1622 arsis,
546 1559 579 1612 ut
593 1559 664 1631 puta
679 1554 723 1613 sic

212 1636 407 1697 calumniator
424 1635 460 1697 ab
476 1654 529 1696 ove
545 1654 613 1696 cum
627 1644 746 1715 peteret
760 1639 852 1698 canis.

209 1726 239 1779 et
253 1723 352 1799 rapiet
366 1721 403 1781 ad
418 1738 450 1780 se
465 1721 544 1799 quod
560 1722 617 1781 erit
633 1737 788 1781 commune
807 1722 951 1781 omnium.

103 1804 262 1864 Praeterea
282 1804 425 1865 notabilis
449 1803 501 1864 sed
522 1804 656 1882 legitima
681 1807 767 1866 venia
789 1812 871 1865 tutus
895 1803 1068 1885 appendicis

104 1905 209 1948 versus
227 1884 297 1967 [10,
315 1885 370 1966 10]
386 1889 453 1948 hic:

210 1989 270 2030 non
284 1976 319 2030 ut
332 1970 452 2030 labores
465 1972 559 2041 facio,
580 1974 635 2032 sed
647 1977 681 2032 ut
694 1974 786 2033 istum
802 1973 919 2044 domes;
964 1984 973 2002 ‘

212 2055 271 2113 nisi
287 2056 388 2132 potius
403 2053 570 2115 scribemus
585 2055 655 2114 ‘sed
670 2057 714 2114 uti
730 2059 837 2115 stum'.

105 2137 207 2207 Quinti
222 2137 308 2215 pedis
323 2141 404 2199 arsin
415 2157 474 2199 non
488 2138 560 2198 licet
574 2139 648 2199 solvi
663 2140 722 2198 nisi
737 2138 879 2200 vocabulo
894 2139 961 2219 plus
980 2157 1069 2218 quam

104 2220 258 2300 trIsyllabo
279 2221 433 2283 claudente
454 2229 598 2292 metrum,
625 2241 642 2282 a
662 2240 720 2301 qua
740 2240 845 2284 norma
864 2225 914 2284 vix
934 2230 1003 2284 sunt
1025 2223 1069 2284 di·
1166 2230 1168 2235 ’

105 2323 190 2366 versa
204 2305 278 2365 haec
295 2303 343 2385 [V,
360 2304 379 2366 l
387 2353 395 2376 ,
410 2303 462 2366 22.
486 2324 553 2385 app.
569 2303 604 2376 9,
621 2303 656 2385 6]

211 2389 332 2469 quidam
345 2392 378 2450 in
394 2398 584 2468 conspectum
599 2391 790 2469 proditurum
805 2392 870 2451 sine
885 2409 978 2451 mora.

211 2474 368 2552 respondit
382 2475 447 2534 illa:
468 2473 611 2553 quicquid
627 2473 748 2534 dederis
763 2475 835 2534 satis
850 2477 917 2535 erit.

106 2557 194 2617 Arsin
214 2556 315 2617 diduci
334 2563 474 2632 sequente
497 2563 665 2634 anapaesto
685 2558 731 2618 rel
746 2559 901 2619 tribracho
921 2576 981 2618 non
1001 2576 1070 2638 per·

106 2643 247 2700 mittitur.
297 2641 457 2718 dnapaesti
481 2641 581 2701 thesin
607 2641 749 2703 vocabulo
774 2644 872 2702 minus
897 2659 987 2717 quam
1015 2644 1070 2702 tri·

106 2724 223 2802 syllubo
249 2725 397 2784 contineri
425 2724 580 2784 nonlicet
605 2731 726 2802 praeter
753 2726 884 2802 primum
906 2725 1013 2803 pedem
1041 2732 1072 2785 et

107 2808 265 2952 ἓίὂᾳιιῗὸᾱο
291 2809 429 2887 quintum
454 2805 524 2887 [111‚
550 2804 602 2877 10,
624 2803 655 2866 4.
702 2804 755 2876 14,
780 2804 830 2867 11.
871 2826 937 2887 app.
962 2805 1016 2878 19,
1039 2804 1069 2868 3.

170 2890 330 3037 Ρναέῑθνθα
350 2976 525 3037 observatur
545 2994 583 3036 ne
603 2994 744 3055 umquam
770 2993 824 3054 pes
850 2976 999 3037 secundus
1024 2977 1071 3036 rel

106 3061 214 3121 tertius
240 3062 303 3121 sire
329 3068 452 3139 quartus
473 3061 660 3120 contineatur
682 3059 824 3119 vocabulo
844 3061 876 3119 in
897 3061 1070 3138 spondeum,

108 3151 313 3222 anapaestum,
335 3144 484 3223 dactylum
504 3149 640 3203 exeunte.
678 3142 760 3203 Nulli
774 3145 869 3219 igitur
884 3162 988 3205 versus
1003 3150 1072 3205 sunt

108 3234 143 3288 ut
161 3237 232 3307 puta
252 3228 344 3288 tales:

214 3315 379 3386 recusavit,
396 3312 474 3391 quod
490 3310 607 3372 clausae
623 3317 708 3371 erant
722 3311 865 3372 stomachi
882 3313 957 3372 viae.

215 3405 246 3455 et
258 3397 396 3474 protinus
411 3398 556 3457 auxillum
571 3402 677 3474 petens
691 3413 779 3455 anser
794 3395 894 3456 simul.

215 3477 282 3539 cibo
297 3479 473 3559 impleretur
488 3482 640 3540 servitium
654 3486 855 3556 degenerante
