2346 3840
407 172 418 217 l
487 212 594 266 amun
614 213 636 268 1.

431 403 622 462 FABVLA
642 402 695 464 IX.

179 507 340 561 Possm
356 510 414 560 AD
431 508 638 560 LEPOREM
656 502 947 562 commanos.

126 610 190 670 Sibi
205 629 264 671 non
280 629 383 672 cavere
400 618 430 672 et
445 612 512 673 aliis
527 611 682 671 eonsilium
698 611 769 671 dare

84 692 212 755 Stultum
227 712 292 754 esse
307 697 411 775 paucis
426 695 615 755 ostendamus
628 694 774 756 versibus.

125 777 308 856 Oppressum
323 778 359 838 ab
375 779 473 858 aquila
489 788 519 838 et
533 777 622 839 lletus
636 779 773 839 edentem
787 794 893 855 graves

82 861 229 938 Leporem
245 861 421 937 obiurgabat
436 879 552 940 passer:
582 860 641 922 Ubi
655 863 818 939 pernicitas

83 944 172 1014 Nota,
189 946 300 1023 inquit,
316 945 368 1004 illa
384 944 446 1005 esti
475 944 553 1014 Quid
568 945 609 1004 ita
625 951 779 1005 cessarunt
792 943 902 1023 pedes?
1027 952 1043 1001 5

82 1028 159 1088 Dum
173 1029 320 1107 loquitur,
337 1030 435 1108 ipsum
450 1030 595 1107 accipiter
610 1030 790 1107 necopinum
804 1030 883 1107 rapit

82 1110 253 1190 Questuque
267 1130 343 1172 vano
357 1113 558 1173 clamitantem
572 1113 725 1172 interficit.

81 1196 388 1274 Lepussemanimus:
418 1195 522 1256 llortis
538 1213 575 1255 en
591 1195 747 1255 solacium!

81 1277 138 1349 Qui
153 1279 240 1340 modo
255 1297 379 1340 securus
393 1287 495 1340 nostra
510 1278 662 1340 inridebas
677 1278 764 1348 mala,
787 1308 790 1312 ⁴

82 1362 181 1424 Simili
195 1362 316 1442 querela
331 1365 391 1423 lata
406 1363 542 1441 deploras
556 1371 616 1424 tua.

434 1528 627 1588 FABVLA
652 1529 689 1587 X.

206 1633 346 1686 LVPVS
363 1634 419 1686 Bu
437 1634 604 1685 VVLPES
621 1633 770 1686 IVDIOE
789 1633 917 1690 emta

122 1735 307 1816 Quicumque
322 1739 404 1815 turpi
418 1737 523 1797 fraude
539 1737 630 1798 semel
645 1738 785 1808 innotuit,

80 1819 179 1881 Etiam
193 1823 219 1881 si
233 1839 337 1881 verum
352 1821 439 1890 dicit,
456 1822 566 1881 amittit
579 1821 679 1881 fidem.

80 1902 142 1963 Hoo
157 1904 321 1965 adtestatur
337 1903 437 1964 brevis
451 1905 558 1982 Aesopi
577 1903 687 1965 fabula.

122 1985 224 2065 Lupus
239 1985 383 2062 arguebat
397 1986 516 2063 vulpem
526 1988 601 2046 furti
617 1989 761 2057 orinsrne3

80 2068 213 2146 Negabat
227 2069 278 2129 illa
291 2087 323 2129 se
339 2087 405 2133 esse
421 2068 523 2149 culpae
539 2070 714 2149 proximam.

80 2152 164 2212 Tune
179 2152 269 2213 iudex
283 2154 362 2213 inter
376 2153 444 2214 illos
459 2153 537 2214 sedit
551 2155 667 2214 simius.

80 2236 211 2314 Uterque
227 2254 346 2297 eausam
361 2255 430 2298 eum
444 2246 635 2316 perorassent
649 2255 742 2309 suant,

78 2319 195 2380 Dixisse
210 2321 307 2381 fertur
322 2322 428 2381 simius
442 2323 635 2382 sententiam:

79 2402 124 2462 'lu
139 2421 198 2463 non
213 2404 324 2464 videris
339 2404 507 2482 perdidisse
522 2404 601 2483 quod
616 2407 710 2482 petis;

78 2485 122 2546 Te
137 2487 227 2547 oredo
241 2486 429 2565 subripuisse
444 2487 522 2566 quod
537 2487 662 2567 pulchre
677 2503 778 2564 negas.

427 2605 621 2713 FABVLA
642 2655 694 2713 XI.

265 2757 420 2810 Asmvs
436 2758 492 2809 E'I'
510 2758 593 2809 LEO
610 2757 849 2812 VENANTES.

119 2860 245 2921 Virtutis
259 2878 367 2939 expers
381 2860 482 2921 verbis
496 2863 609 2921 iactans
623 2860 748 2938 gloriam

77 2944 195 3021 lgnotos
209 2944 301 3013 fallit,
318 2946 395 3004 notis
411 2950 456 3004 est
469 2944 592 3004 derisui.

118 3029 227 3088 Venari
243 3027 333 3088 asello
348 3029 455 3087 comite
471 3045 539 3087 oum
553 3026 640 3086 rellet
655 3028 711 3096 leo,

76 3111 212 3172 Contexit
226 3111 310 3172 illum
324 3111 432 3171 irutioe
448 3117 479 3170 et
493 3110 645 3170 admonuit
659 3110 756 3180 simul,

78 3194 115 3254 Ut
129 3196 245 3255 insueta
261 3213 332 3255 roee
347 3201 476 3255 terreret
494 3194 583 3263 ieras,

76 3276 236 3353 Fugientes
250 3279 314 3357 ipse
330 3280 492 3358 exciperet.
521 3277 577 3337 llio
592 3276 738 3337 auritulus

75 3360 241 3421 Clamorem
255 3361 354 3423 subito
368 3365 439 3422 totis
454 3361 530 3422 tollit
543 3359 657 3421 viribus

76 3443 216 3524 Novoque
231 3445 332 3506 turbat
346 3445 457 3506 bestias
470 3445 625 3506 miraculo.
