2346 3840
466 223 575 279 LIBER
594 223 644 282 III.
664 223 711 280 IV.

107 374 147 437 Et
161 375 292 452 graviter
307 390 354 434 me
368 379 469 436 tutare
483 372 596 433 iudicio
612 378 674 433 tuo.

108 457 234 519 Excedit
248 459 365 518 animus
380 474 469 535 quem
482 458 639 537 proposuit
652 457 828 524 uminum.

108 542 168 604 Sed
184 541 344 602 difficulter
359 542 529 602 continetur
544 543 678 620 spiritus,

106 625 292 704 Integritatis
306 626 358 705 qul
373 626 509 686 sincerae
524 627 662 685 conscius

109 710 133 781 ,l
147 711 304 771 noxiorum
319 710 468 788 premitur
482 708 659 770 insolentiis.

108 791 166 864 Qui
181 795 255 862 sint,
270 795 409 872 requires
417 813 426 862 ;
442 791 629 872 apparebunt
642 800 787 872 tempore.

108 877 186 955 Ego,
201 877 351 957 quondam
364 876 423 954 legi
438 894 527 956 quam
541 894 617 956 puer
632 875 819 947 sententiam,

108 960 235 1033 „Palam
250 962 359 1021 mutire
374 960 492 1039 plebeio
506 960 656 1040 piaculum
672 967 749 1030 est,“

108 1044 185 1105 llum
200 1046 311 1106 sanitas
326 1043 487 1115 constabit,
504 1044 627 1124 pulchre
642 1046 818 1107 meminero.

420 1279 543 1340 LIBER
565 1277 762 1349 QVARTVS.

296 1376 439 1446 robus
454 1394 514 1444 un
530 1392 878 1448 Panmcvuororuu

151 1479 224 1542 Cum
240 1478 434 1540 destinassem
449 1479 611 1539 terminum
627 1481 710 1558 operi
725 1485 856 1539 statuere

107 1563 143 1625 ln
157 1564 229 1633 boc,
245 1569 280 1625 ut
294 1563 362 1624 aliis
376 1570 456 1624 esset
468 1563 612 1622 materiae
628 1564 709 1632 satis,

97 1647 272 1714 ‚Consilium
287 1649 378 1708 tacito
394 1646 483 1707 corde
499 1645 634 1707 damnavi
650 1664 759 1707 meum.

109 1729 185 1792 Nam
199 1733 294 1811 siquis
308 1730 376 1791 talis
391 1733 480 1792 etiam
496 1731 575 1792 tituli
590 1737 636 1791 est
650 1738 801 1810 appetens,
898 1729 902 1736 '

109 1812 173 1885 Quo
188 1832 248 1875 nou
263 1822 348 1894 pacto
363 1814 531 1893 indagabit,
548 1814 689 1895 quidnam
705 1815 866 1886 omiserim,

109 1898 147 1959 Vt
160 1896 234 1959 illud
249 1899 346 1977 ipsum
361 1901 463 1978 cupiat
476 1900 573 1959 lamae
589 1898 717 1969 tradere,

110 1982 170 2043 Sua
184 1983 292 2060 cuique
308 2000 374 2043 cum
392 1984 431 2042 sit
446 1984 537 2042 animi
553 1985 693 2060 cogitatio

110 2065 255 2144 Colorque
269 2067 424 2145 proprius!
453 2065 533 2143 Ergo
547 2083 607 2126 non
621 2065 725 2126 levitas
739 2065 824 2136 mihi,

110 2149 169 2210 Sed
185 2155 266 2229 certa
280 2151 357 2210 ratio
372 2168 491 2212 causam
506 2149 656 2211 scribendi
672 2148 763 2210 dedit.

110 2232 224 2304 Quare,
240 2232 404 2305 Particulo,
418 2236 558 2315 quoniam
574 2235 691 2315 caperis
705 2232 823 2305 labidis,

112 2315 201 2396 (Quas
214 2316 370 2396 Aesopias,
386 2336 445 2380 non
461 2319 583 2398 Aesopi,
599 2320 731 2387 nomino,

110 2399 186 2472 Quia
199 2418 310 2480 paucas
324 2401 374 2462 ille
389 2402 533 2472 ostendit,
550 2418 605 2480 ego
619 2402 721 2480 plures
734 2402 809 2471 lero,

110 2484 189 2547 Usus
202 2491 319 2546 vetusto
333 2503 460 2562 genere,
477 2485 528 2547 sed
543 2483 635 2546 rebus
650 2484 760 2563 noris;)

43 2584 48 2599 ⁵
110 2566 254 2639 Quartum
267 2567 417 2640 libellum,
433 2587 500 2631 cum
515 2571 642 2639 vacarit,
658 2567 805 2649 perleges.

110 2650 197 2714 Hunc
212 2651 381 2713 obtrectare
397 2655 423 2713 si
436 2653 514 2713 volet
528 2653 704 2731 malignitas,

110 2734 226 2797 Imitari
241 2735 310 2797 dum
325 2754 385 2797 non
400 2738 510 2815 possit,
526 2735 674 2797 obtrectet
687 2735 768 2797 licet.

111 2819 184 2880 blihi
198 2827 283 2899 parta
297 2819 362 2880 laus
376 2827 437 2892 est,
452 2819 532 2900 quod
547 2827 594 2892 tu,
610 2819 689 2900 quod
704 2820 817 2881 similes
831 2819 876 2881 tul

110 2904 231 2965 Vestras
244 2905 277 2964 in
292 2903 410 2965 chartas
423 2903 515 2966 rerba
530 2906 699 2966 transfertis
714 2923 780 2966 mea

109 2987 296 3066 Dignumque
311 2987 398 3064 longa
414 2988 552 3049 iudicatis
566 2991 720 3050 memoria.

109 3070 308 3132 lnlitteratum
322 3070 459 3149 plausum
474 3087 528 3130 cur
542 3070 699 3132 desidero?

474 3204 713 3281 rusrnsr.

399 3298 554 3364 ,ASINVS
570 3303 625 3355 ΕΤ
644 3301 784 3357 GALH·

154 3390 212 3460 Qui
226 3395 314 3451 natus
329 3395 375 3450 est
388 3388 506 3455 infelix,
522 3408 583 3450 non
598 3391 688 3450 vitam
702 3389 790 3450 modo

111 3473 240 3535 Tristem
257 3472 404 3546 decurrit,
420 3488 525 3536 verum
537 3481 606 3556 post
621 3472 735 3536 obitum
749 3490 868 3555 quoqne
