2346 3840
535 217 642 272 LIBER
662 218 711 275 IV.

181 362 239 435 Qui
252 365 352 424 iacere
367 381 443 442 quae
458 382 519 425 non
533 372 658 442 possunt
672 366 773 427 verbis
790 368 914 439 elevant,

139 447 320 510 adscribere
335 447 391 508 hoc
407 446 559 508 debebunt
573 450 742 529 exemplum
757 450 825 512 sibi.

489 599 684 659 rABvLA
705 601 758 661 IV.

412 696 573 756 EQVVS
599 697 658 748 ET
684 698 824 754 APER.

182 782 283 862 Equus
299 781 404 842 sedare
420 782 524 841 solitus
538 800 597 860 quo
611 782 711 843 fuerat
724 786 816 854 sitim,

139 867 216 928 Dum
231 884 298 927 sese
313 883 385 945 aper
399 865 525 935 volutat,
542 864 672 927 turbavit
685 867 800 929 vadum.

139 951 217 1012 Hinc
233 957 298 1010 orta
312 949 350 1009 lis
365 956 421 1009 est.
452 948 577 1028 Sonipes
592 951 686 1010 iratus
701 950 766 1011 iero

138 1033 290 1096 Auxilium
304 1035 392 1111 petiit
405 1031 551 1103 hominis,
567 1051 656 1111 quem
671 1033 759 1095 dorso
773 1034 875 1097 levans

138 1119 227 1180 Redit
242 1116 278 1178 ad
293 1117 419 1178 hostem.
449 1115 539 1176 lactis
552 1116 632 1179 hunc
646 1118 716 1178 telis
730 1136 821 1198 eques

138 1202 298 1282 Postquam
312 1200 478 1269 interfecit,
494 1201 540 1261 sic
553 1199 670 1261 locutus
685 1200 828 1263 traditur:

138 1286 247 1347 Laetor
261 1284 365 1346 tulisse
381 1284 523 1345 auxilium
537 1302 584 1345 me
599 1284 740 1363 precibus
754 1289 830 1357 tuis;

138 1369 213 1431 Nam
228 1368 370 1448 praedam
384 1370 451 1447 cepi
467 1375 497 1428 et
511 1368 618 1437 didici,
635 1386 724 1447 quam
738 1370 779 1430 sis
794 1369 891 1444 utilis3

137 1453 235 1532 Atque
251 1455 294 1512 ita
309 1453 407 1530 coegit
420 1452 521 1512 henos
534 1452 660 1512 invitum
674 1455 747 1531 pati.

139 1535 217 1598 'ium
230 1543 360 1627 maestqs
375 1535 443 1596 ille:
472 1534 584 1596 Parvae
599 1534 760 1597 vindictam
775 1540 820 1597 rei

85 1617 93 1627 '
139 1620 216 1681 lium
231 1637 343 1699 quaero
359 1620 495 1689 demens,
512 1620 687 1681 servitutem
701 1622 835 1700 repperi.

180 1705 260 1766 Haec
275 1703 435 1764 iracundos
450 1702 621 1764 admonebit
635 1703 749 1764 rabida:

137 1787 252 1868 lnpune
267 1789 367 1867 potius
383 1787 461 1848 iaedi
476 1805 566 1867 quam
582 1787 651 1848 dedi
667 1789 763 1849 alteri.

497 1894 688 2030 areuna
708 1939 747 2000 v.

547 2034 697 2086 POETA.

179 2122 248 2182 Plus
263 2139 328 2183 esse
343 2124 376 2182 in
390 2140 449 2182 uno
465 2139 553 2200 saepe
568 2139 656 2200 quam
672 2122 704 2180 in
720 2120 808 2182 turha
823 2120 904 2192 boni,

136 2204 314 2266 Narratione
329 2207 457 2285 posteris
472 2204 586 2266 tradam
601 2203 695 2266 brevi.

180 2287 307 2359 Quidam
323 2289 469 2350 decedens
483 2295 545 2350 tres
559 2287 683 2368 reliquit
696 2289 786 2350 filias:

136 2371 230 2434 Vitam
243 2374 402 2433 formosam
419 2381 448 2434 et
463 2373 557 2433 oculis
571 2379 728 2434 venantem
742 2375 839 2445 viros:

136 2457 174 2517 At
188 2456 311 2517 alteram
326 2457 473 2517 lanificam
487 2463 518 2516 et
530 2457 626 2533 frugi,
642 2458 801 2526 rusticam;

136 2540 277 2600 Devotam
291 2542 360 2601 vino
374 2542 496 2601 tertiam
511 2541 766 2620 etturpissimam.

135 2622 249 2683 Harum
264 2630 363 2684 autem
376 2630 502 2684 matrem
516 2625 589 2684 fecit
602 2624 745 2685 heredem
761 2643 853 2687 senex

136 2705 199 2767 Sub
215 2707 406 2776 condicione,
421 2714 512 2767 totam
526 2714 559 2767 ut
572 2708 720 2768 fortunam
735 2707 833 2769 tribus

135 2790 307 2869 Aequaliter
322 2790 496 2860 distribuat,
512 2791 564 2851 sed
580 2791 632 2851 taii
647 2792 750 2851 modo:

135 2873 179 2935 Ne
195 2873 262 2935 data
276 2873 448 2954 possideant
462 2881 513 2935 aut
525 2875 679 2946 fruentum
696 2883 773 2946 tum,
790 2875 877 2937 simul

135 2955 253 3018 idabere
268 2977 318 3019 res
333 2958 492 3027 desierint,
508 2977 582 3037 quas
596 2961 776 3038 acceperint,

135 3041 266 3102 Centena
280 3044 370 3102 matri
385 3041 539 3100 conferant
553 3045 701 3103 sestertia.

133 3124 265 3186 Athenas
280 3141 383 3186 rumor
396 3124 501 3203 inplet.
531 3123 625 3184 Mater
639 3125 742 3186 sedula

133 3207 213 3269 iuris
227 3211 341 3288 peritos
357 3207 498 3279 consulit;
514 3226 602 3269 nemo
618 3210 746 3289 expedit,

133 3291 198 3362 Quo
213 3300 299 3371 pacto
314 3310 373 3353 non
388 3293 576 3371 possideant,
591 3293 670 3372 quod
686 3296 777 3355 fuerit
792 3295 902 3366 datum,

132 3375 314 3436 Fructumve
330 3378 462 3455 capiant:
479 3377 586 3438 deinde
601 3396 677 3457 quae
692 3379 816 3441 tulerint
830 3379 916 3451 nihil,

132 3458 265 3529 Quanam
280 3461 397 3520 ratione
412 3460 568 3522 conferant
582 3464 752 3540 pecuniam.
775 3520 778 3525 ,

184 3570 342 3619 amorra.
894 3555 926 3615 ‘h
