2346 3840
481 203 589 259 LIBER
609 204 657 263 IV.

89 351 229 414 Pervenit
244 349 280 412 ad
296 349 435 412 draconis
449 353 619 432 speluncam
634 354 779 426 intimam,

90 433 283 498 Custodiebat
296 437 348 515 qui
363 436 519 498 thesauros
533 436 660 498 abditos.

88 519 176 580 Hunc
190 519 278 581 simul
293 521 425 598 asperim
455 519 529 590 Oro,
546 531 578 582 ut
593 521 803 601 inprudentiae

88 604 148 665 lies
161 605 292 682 primum
306 605 438 674 veniam:
454 603 563 665 deinde
578 608 604 665 si
618 606 743 684 pulchre
757 605 849 678 vides,

89 686 184 758 Quam
197 705 257 747 non
272 689 451 748 conveniens
465 706 571 749 aurum
585 688 623 749 sit
636 691 714 751 vitae
729 707 822 761 meae,

89 771 279 850 Respondeas
294 770 468 831 clementer.
498 769 592 841 Quem
606 773 737 834 fructum
752 775 834 853 capis

89 855 153 916 Hoc
167 873 204 915 ex
218 852 334 925 labore,
351 855 465 934 quodve
479 862 595 917 tanturn
610 864 656 917 est
673 859 846 936 praemium,

89 937 127 999 Vt
141 955 242 999 careas
257 956 359 1000 somno
375 947 404 999 et
419 956 523 999 aevum
537 940 569 1000 in
585 939 718 1001 tenebris
733 941 854 1019 exigas?

90 1022 227 1093 Nullum,
244 1024 343 1101 inquit
356 1022 423 1092 ille,
438 1041 542 1084 rerum
557 1023 613 1085 hoc
628 1042 645 1084 a
660 1042 775 1085 summo
789 1023 865 1086 mihi

89 1106 158 1167 Iove
173 1105 354 1167 adtributum
370 1112 426 1166 est.
456 1105 535 1184 Ergo
550 1125 607 1167 nec
621 1110 714 1168 sumis
727 1107 785 1169 tihi

90 1189 152 1252 Nec
167 1189 220 1250 ulli
235 1189 327 1250 donas
341 1190 518 1268 quicquam?
548 1189 598 1251 Sic
612 1192 682 1252 latis
696 1191 803 1270 placet.

89 1272 163 1334 Nolo
177 1275 332 1344 irascaris,
347 1272 444 1334 hhere
459 1275 485 1334 si
500 1274 618 1335 dixero:

90 1357 142 1419 Dis
157 1363 203 1418 est
217 1359 302 1418 iratis
317 1365 418 1426 natus,
434 1360 485 1436 qui
501 1359 666 1420 estsimilis
682 1358 747 1421 tihi.

133 1439 276 1502 Abiturus
290 1439 374 1511 illuc,
391 1459 448 1520 quo
463 1444 584 1520 prlores
599 1441 747 1514 abierunt,

44 1536 48 1543 '
91 1523 168 1595 Ouid
182 1531 282 1586 mente
298 1541 386 1585 caeca
400 1526 541 1585 miserum
556 1533 678 1605 torques
691 1527 849 1605 spiritum?

91 1608 161 1670 Tibi
176 1608 258 1679 dico,
273 1626 375 1679 arare,
391 1609 532 1686 gaudium
546 1610 667 1671 heredis
682 1612 737 1681 tui,

92 1690 148 1762 ou
163 1698 230 1753 ture
245 1709 384 1771 superos,
400 1695 499 1771 ipsum
513 1700 544 1754 te
559 1692 678 1756 fraudas
693 1693 771 1767 cibo,

91 1773 148 1847 Qui
161 1776 257 1837 tristis
271 1776 357 1836 audis
370 1778 517 1837 musicum
532 1778 663 1839 citharae
678 1795 791 1850 sonum,

92 1857 185 1929 Quem
199 1859 340 1921 tibiarum
354 1869 485 1921 macerat
500 1862 677 1932 iucunditas

93 1941 293 2022 Opsoniorum
306 1946 403 2022 pretia
418 1946 467 2004 cui
481 1947 626 2021 gemitum
641 1947 820 2024 exprimunt,

91 2025 150 2097 Qui
164 2026 235 2088 dum
249 2027 428 2106 quadrantes
442 2043 567 2105 aggeras
580 2029 761 2108 patrimonio

93 2109 216 2172 Caelum
229 2110 337 2187 fatigas
351 2111 471 2172 sordido
485 2108 628 2191 periurio,

93 2192 149 2264 Qui
163 2193 354 2254 circumcidis
369 2212 487 2255 omnem
501 2197 657 2275 inpensam
671 2197 782 2268 funeri,

92 2276 225 2340 Libitina
238 2278 349 2358 nequid
363 2279 400 2339 de
414 2286 466 2340 tuo
480 2279 569 2340 faciat
583 2281 670 2343 lucri.

428 2530 620 2600 rAanA
641 2533 721 2593 XXI.

392 2643 831 2720 enumcrareunu

135 2759 212 2833 Quid
227 2761 360 2825 iudicare
375 2763 485 2841 cogitet
499 2764 575 2825 livor
588 2764 685 2834 modo,

92 2845 178 2908 Licet
192 2846 373 2919 dissimulet,
389 2848 513 2927 pulchre
528 2855 628 2910 tamen
642 2848 794 2926 intellego.

93 2927 240 3011 Quicquid
254 2930 373 3009 putabit
386 2949 452 2992 esse
467 2932 590 3010 dignum
603 2934 757 3003 memoria,

93 3015 201 3093 Aesopi
217 3013 310 3084 dicet;
325 3020 352 3079 si
367 3013 439 3093 quid
453 3016 553 3076 minus
567 3013 716 3085 adriscrit,

93 3097 117 3159 A
132 3116 180 3159 me
196 3096 356 3158 contendet
369 3097 471 3158 fictum
487 3099 591 3177 quovis
605 3099 740 3176 pignore.

93 3178 188 3252 Quem
202 3181 268 3242 volo
282 3179 381 3242 refelli
396 3182 457 3241 iam
470 3198 549 3241 nunc
564 3198 708 3260 responso
722 3199 804 3242 meo:

94 3264 163 3326 Sive
178 3265 235 3325 hoc
249 3266 384 3344 ineptum
399 3266 461 3325 sive
476 3263 655 3326 laudandum
670 3272 717 3327 est
731 3282 815 3345 opus,

92 3347 210 3408 Invenit
223 3348 290 3418 ille,
306 3355 407 3410 nostra
421 3347 547 3427 perfecit
561 3366 675 3410 manus.

96 3430 154 3494 Sed
170 3449 368 3512 exsequamur
384 3440 521 3512 coeptum
535 3434 682 3513 propositi
697 3432 843 3525 ordinem.
