2346 3840
101 190 144 256 60
372 194 543 250 ‘PHAEDRI
562 193 787 250 FABVLARVM

102 345 208 423 Plagae
223 351 398 425 supersunt,
416 344 523 405 desunt
536 345 610 404 mihi
626 343 755 414 cibaria;

103 429 237 490 Subinde
253 429 289 489 ad
305 430 404 489 villam
419 430 522 489 mittor
537 430 602 488 sine
617 429 737 488 viatico.

102 513 188 574 Domi
204 514 229 573 si
245 519 363 583 coenat,
380 514 452 572 totis
465 517 567 591 persto
581 510 728 580 noctibus»,

104 597 171 657 Sive
187 603 233 657 est
247 603 381 667 vocatus,
397 598 481 657 iaceo
496 596 533 657 ad
547 596 644 656 lucem
658 597 691 655 in
706 595 822 655 semita.

102 681 225 741 Emerui
239 679 424 750 libertatem,
441 696 534 740 canus
547 681 656 740 servio.

104 764 200 826 Ullius
215 783 311 825 essem
327 764 430 843 culpae
444 763 519 824 mihi
534 765 559 822 si
573 765 719 833 conscius,

103 850 203 928 Aequo
219 850 317 909 animo
331 849 457 908 terrem:
486 865 648 927 numquam
663 865 728 908 sum
742 845 838 906 factus
853 851 934 907 satur

103 933 141 993 Et
154 950 244 1012 super
258 932 362 993 infelix
377 949 497 994 saevum
511 933 609 1010 patior
623 930 800 991 dominium.

103 1017 163 1078 llas
177 1023 300 1095 propter
314 1034 417 1077 causas
432 1024 463 1075 et
477 1032 549 1094 quas
564 1013 684 1092 longum
699 1019 746 1074 est
759 1030 908 1093 promere,

104 1101 194 1161 Abire
210 1101 370 1169 destinavi,
387 1117 445 1178 quo
460 1098 584 1160 tulerint
598 1099 700 1178 pedes.
1034 1103 1070 1155 15

103 1185 199 1262 Ergo,
216 1186 329 1263 inquit,
346 1183 431 1244 audi:
455 1201 523 1243 cum
537 1183 608 1244 mali
623 1183 666 1243 nil
681 1183 800 1252 leceris,

104 1269 184 1329 Haec
200 1269 361 1346 experiris,
378 1275 411 1327 nt
426 1268 538 1336 relers,
555 1265 756 1327 incommoda:

103 1351 180 1422 Quid
196 1353 220 1411 si
236 1351 387 1430 peccaris?
407 1368 483 1429 quae
499 1359 528 1411 te
543 1368 702 1429 passurum
713 1348 819 1429 putas‘l

104 1435 169 1496 'lali
184 1434 308 1495 consilio
323 1441 368 1495 est
382 1453 399 1494 a
414 1436 484 1511 luga
500 1435 672 1495 deterritus.

438 1586 632 1647 FABVLA
652 1586 733 1646 XIX.

181 1682 324 1744 novus
350 1683 645 1745 cvannruffls
670 1663 985 1734 11ri=1sunnrvm
1087 1709 1093 1716 -

431 1750 739 1802 vunvmmuvs.
870 1774 872 1777 -

196 1831 353 1886 Ferendum
371 1847 430 1885 esse
449 1845 539 1897 aequo
558 1829 665 1896 animo,
683 1829 818 1897 quicquid
836 1827 977 1886 acciderit.
1064 1852 1074 1864 ·

145 1929 263 2007 Equum
278 1946 294 1988 e
311 1927 454 2008 quadriga
469 1927 571 1988 multis
585 1927 692 2007 palmis
706 1926 839 1989 nobilem

105 2012 213 2090 Abegit
227 2012 348 2091 quidam
363 2019 393 2072 et
407 2013 438 2071 in
453 2013 612 2090 pistrinum
628 2011 768 2072 vendidit.

104 2096 271 2157 Productus
286 2096 322 2156 ad
338 2094 501 2155 bibendum
516 2113 584 2155 cum
598 2096 677 2156 lorct
691 2113 708 2155 a
722 2093 818 2165 molis,

104 2180 139 2240 ln
153 2182 268 2240 circum
283 2180 421 2258 aequales
436 2181 482 2239 ire
497 2181 653 2258 conspexit
666 2196 744 2249 suos

105 2264 141 2324 Vt
155 2270 239 2341 grata
253 2255 333 2323 ludi's
347 2262 510 2323 redderent
524 2264 697 2324 certamina.

24 2353 28 2358 ’
104 2346 250 2408 Lacrimis
265 2345 396 2407 obortis:
426 2345 469 2407 Ite
485 2346 603 2416 felices,
620 2348 670 2416 ait,

105 2413 259 2493 Celebrate
276 2432 403 2491 sinemo
419 2448 509 2492 cursu
524 2430 697 2490 sollemnem
713 2430 808 2500 dicm;

104 2515 167 2592 Ego
182 2532 241 2593 quo
256 2513 381 2574 scelesta
396 2515 472 2574 luris
487 2515 608 2574 attraxit
622 2531 736 2584 manus,

104 2598 151 2659 lbi
166 2604 246 2659 sorte
262 2599 343 2658 tristi
357 2598 417 2658 lata
433 2596 549 2658 deflebo
565 2615 640 2659 mea.

448 2749 643 2810 FABVLA
664 2749 728 2808 XX.

370 2846 524 2897 VRSVS
548 2845 805 2898 ESVRIENS.

149 2942 180 3002 Si
196 2940 314 3021 quando
328 2942 361 3001 in
376 2941 459 3001 silvis
473 2958 543 3000 urso
559 2939 667 3000 desunt
682 2942 793 3020 copiae,

107 3026 300 3105 Scopulosum
316 3025 353 3086 ad
368 3025 452 3090 littus
467 3026 563 3086 currit
577 3031 607 3084 et
621 3025 773 3103 prendens
786 3032 903 3103 petram

105 3110 203 3170 Pilosa
218 3127 306 3169 crura
322 3112 433 3170 sensim
449 3110 579 3171 demittit
592 3109 680 3185 vado:

106 3192 237 3262 Quorum
252 3195 333 3253 inter
347 3193 432 3254 villos
448 3195 549 3254 cancri
564 3192 650 3253 simul
665 3198 698 3252 ut
711 3192 881 3262 haeserunt,

106 3277 140 3338 ln
155 3284 267 3339 terram
283 3279 432 3356 arripiens
448 3279 560 3339 excutit
575 3276 716 3355 praedam
730 3277 822 3335 maris
949 3332 952 3340 ,
1053 3277 1075 3334 n

97 3361 240 3439 Escaque
252 3362 367 3422 lrnitur
379 3363 492 3440 passim
507 3361 629 3421 collecta
643 3361 737 3421 valer.

123 3439 211 3516 Ergo
226 3447 321 3504 etiam
336 3445 441 3508 stultis
456 3447 539 3509 acuit
553 3444 710 3525 ingenium
721 3445 828 3507 lantes.
