2346 3840
139 216 183 282 54
419 220 581 276 PHAEDRI
601 220 825 278 naamam

121 444 128 455 ⁸
140 371 291 452 Numquid
306 370 378 442 tibi,
392 372 506 452 inquit,
522 372 603 432 risus
618 390 684 432 sum
698 369 874 451 superbiorl

139 456 225 518 Haud
239 474 313 517 rana
327 455 415 517 nobis
430 457 532 534 ingeni
546 456 654 516 fiducia
670 464 724 516 est.

140 540 298 601 Confectus
312 540 362 600 illa
378 542 508 619 pessimo
522 539 685 599 volumine:

139 623 219 701 Ego,
235 625 347 703 inquit,
363 623 442 703 quod
457 631 486 683 te
501 623 603 683 laudas
617 623 809 683 vehementer
823 623 928 703 probo,

139 707 273 788 Namque
289 709 345 768 boc
360 705 397 768 ab
413 707 470 767 alio
485 725 646 786 numquam
662 708 815 784 continget
830 707 898 768 tibi.

472 859 662 920 FABVLA
683 859 771 930 Vm.

238 956 457 1010 POMPEIVS
473 956 653 1008 MAGNVS
669 957 725 1008 ΕΤ
741 955 841 1008 mvs
857 957 999 1010 ms,

349 1037 440 1104 Quem
456 1035 571 1092 difficile
589 1035 627 1091 sit
642 1036 785 1092 hominem
801 1053 892 1093 nosse.
972 1047 975 1051 ’

181 1127 281 1206 Magni
294 1128 418 1205 Pompei
433 1126 519 1186 miles
533 1129 609 1187 rasti
623 1127 759 1205 corporis

140 1210 247 1272 Fracte
262 1211 410 1290 loquendo
424 1218 455 1271 et
469 1210 647 1271 ambulando
661 1209 791 1271 molliter

141 1296 261 1356 Famam
275 1295 391 1355 cinaedi
406 1300 539 1355 traxerat
552 1295 761 1354 certissimam.

138 1378 195 1440 Hic
210 1378 367 1439 insidiatus
381 1385 466 1438 noete
481 1379 622 1438 iumentis
637 1377 730 1448 ducis,

139 1463 213 1523 Cum
227 1471 307 1523 reste
323 1470 354 1523 et
368 1481 440 1523 auro
455 1469 606 1540 almagno
621 1463 737 1540 argenti
752 1462 884 1541 pondere
1087 1469 1106 1522 b

138 1549 253 1607 Avertit
267 1547 372 1608 mulos.
402 1546 526 1607 Factum
540 1563 643 1606 rumor
657 1546 797 1625 dissipat;

139 1633 283 1709 Arguitur
296 1631 396 1701 miles,
413 1633 530 1709 rapitur
544 1632 577 1690 in
591 1631 785 1709 praetorium.

139 1714 216 1774 Tum
231 1714 367 1792 Magnus:
398 1712 493 1782 Qurot
514 1715 570 1782 ait,
587 1720 658 1772 tune
673 1731 737 1782 me,
753 1715 924 1785 commilito,

140 1798 273 1876 Spoliare
288 1815 321 1857 es
335 1796 442 1857 ansusi
471 1795 523 1855 llle
538 1797 679 1856 continuo
694 1805 829 1857 exscreat

114 1947 118 1950 ,
139 1882 205 1943 Sibi
221 1885 253 1942 in
268 1882 419 1941 sinistram
434 1887 464 1940 et
479 1887 598 1960 sputum
613 1880 715 1958 digitis
730 1881 866 1960 dissipat.

139 1967 204 2037 Sic,
220 1968 397 2044 imperator,
414 1965 492 2026 oculi
509 1964 711 2026 exstillescant
724 1967 794 2034 mei,

139 2051 171 2110 Si
186 2051 247 2110 vidi
262 2057 313 2110 aut
326 2051 422 2127 tetigi.
453 2049 528 2108 Tum
544 2051 590 2109 vir
604 2050 698 2109 animi
712 2048 856 2128 simplicis

138 2134 172 2195 ld
187 2134 316 2194 dedecus
331 2140 498 2193 castrorum
512 2132 638 2212 propelli
653 2131 746 2202 iubet,

139 2218 201 2279 Neo
217 2217 323 2276 eadere
338 2218 371 2276 in
386 2217 470 2276 illum
485 2216 582 2275 eredit
595 2223 707 2276 tantam
723 2216 885 2278 audaciam.

139 2301 235 2362 Breve
249 2308 367 2380 tempus
381 2301 566 2370 intercessit,
583 2306 614 2359 et
627 2299 721 2360 fidens
735 2317 826 2360 manu

138 2386 234 2446 Vnum
249 2404 265 2445 e
280 2385 421 2445 Romanis
434 2383 614 2464 provocabat
628 2383 785 2445 barbarus.

139 2469 204 2531 Sibi
219 2472 346 2548 quisque
361 2471 481 2538 metuit:
497 2471 587 2546 primi
602 2471 675 2546 quin
689 2474 824 2528 mussant
839 2468 940 2530 duces.

137 2554 271 2614 'landem
286 2553 428 2612 cinaedus
442 2550 560 2622 habitu,
576 2552 628 2612 sed
644 2551 722 2613 llars
737 2550 861 2622 viribus,

138 2638 208 2700 Adit
222 2637 375 2697 sedentem
390 2654 445 2716 pro
459 2635 604 2696 tribunali
619 2635 733 2705 ducem,

139 2723 177 2784 Et
191 2740 262 2783 voce
277 2721 373 2782 molli:
398 2721 501 2781 Licet?
524 2720 683 2780 Enimvero
698 2721 755 2779 eici

138 2807 241 2867 Virum
256 2813 289 2866 ut
303 2808 335 2866 in
350 2823 384 2866 re
399 2805 493 2865 atroci
507 2803 631 2881 blagnus
645 2804 833 2864 stomachans
846 2805 977 2885 inperat.

138 2890 214 2951 'l'um
229 2891 350 2969 quidam
364 2890 466 2948 senior
481 2905 518 2946 ex
532 2888 637 2946 amicis
651 2888 811 2966 principis:

138 2975 223 3035 llunc
239 2992 294 3051 ego
308 2973 453 3033 committi
470 2972 561 3032 satius
575 2970 725 3032 Fortunae
741 2970 880 3040 arbitror,

138 3058 173 3119 ln
187 3076 246 3137 quo
260 3060 374 3118 iactura
388 3057 462 3116 levis
477 3064 536 3125 est,
553 3074 642 3134 quam
656 3057 762 3116 iortem
777 3057 884 3125 virum,

138 3141 196 3212 Qui
211 3139 282 3202 casu
296 3143 393 3201 victus
407 3141 586 3200 temeritatis
599 3147 629 3200 te
645 3146 760 3215 arguat.

139 3228 272 3289 Assensit
285 3225 408 3302 blagnus
423 3232 453 3284 et
466 3224 605 3302 permisit
619 3222 708 3283 militi

138 3311 263 3374 Prodire
278 3316 396 3378 contra;
412 3310 464 3388 qui
479 3311 606 3368 mirante
621 3307 765 3376 exercitu,

130 3391 222 3452 Dicto
237 3392 366 3452 celerius
380 3393 475 3452 hostls
490 3390 618 3452 abscidit
631 3397 721 3469 caput

85 3552 87 3556 ,
123 3474 290 3555 Vr'otorque
303 3476 410 3538 rediit.
440 3476 498 3538 llis
513 3483 586 3537 tunc
600 3473 760 3554 Pompeius
772 3492 880 3554 super:
