2346 3840
101 205 143 271 38
380 208 542 264 PHAEDRI
562 208 787 267 FABVLARVM

130 288 153 319 l

434 426 629 487 FABVLA
649 428 733 488 xm.

340 532 398 584 Da}
416 531 560 584 motem
575 532 822 587 REGNAN'I'E.

141 644 250 706 Vtilius
264 643 379 705 homini
394 643 469 704 nihil
485 653 531 704 est
545 661 633 722 qnam
648 651 730 705 recte
746 644 846 724 loqui:

99 729 256 791 Probanda
271 729 388 789 cunctis
402 735 449 789 est
462 727 583 807 quidem
598 730 759 799 sententia⁴

100 813 160 875 Sed
175 813 212 874 ad
226 815 393 893 perniciem
408 813 482 874 solet
497 813 545 890 agi
560 813 728 874 sinceritas.

142 898 216 959 Cum
230 915 262 959 se
276 898 409 959 ferarum
423 913 525 974 regem
540 896 662 958 lecisset
675 896 723 957 leo

99 982 138 1042 Et
151 983 313 1061 aequitatis
327 980 416 1042 vellet
431 981 540 1042 lamam
554 982 705 1061 consequi,

98 1067 123 1128 A
137 1067 265 1146 pristina
280 1065 402 1127 dellexit
416 1063 630 1126 consuetudine

99 1151 196 1230 Atque
210 1152 291 1212 inter
304 1150 372 1211 illas
386 1151 471 1211 tenui
485 1155 644 1210 contentus
658 1149 727 1210 cibo

100 1235 208 1296 Sancto
222 1237 396 1314 incorrupta
410 1236 477 1295 iura
490 1232 636 1295 reddebat
648 1233 716 1293 ilde.

98 1318 260 1401 Postquam
273 1318 376 1381 labare
391 1319 491 1398 coepit
504 1318 697 1398 poenitentia,

510 1431 652 1474 *a*

435 1585 626 1648 FABVLA
646 1584 727 1643 XIV.

409 1694 749 1752 Pltounuflnvs,

507 1805 526 1843 de
570 1805 589 1843 de
633 1802 651 1840 8

138 1887 163 1949 Α
177 1885 297 1947 ilctlone
310 1880 423 1941 veretri
438 1877 570 1955 linguam
584 1879 730 1942 mulieris.
848 1878 859 1949 J

96 1970 286 2036 Adlinltatem
298 1964 391 2026 traxit
404 1961 475 2023 inde
491 1961 668 2026 obscenitas.

437 2147 630 2208 FABVLA
650 2149 717 2210 XV.

515 2253 635 2307 IDEM.

136 2365 262 2442 Rogavit
275 2361 364 2433 alter,
379 2360 513 2424 tribadas
528 2372 558 2425 et
573 2366 679 2427 molles
692 2386 791 2431 mares

94 2448 175 2521 Quae
190 2448 267 2508 ratio
281 2446 487 2527 procreasset?
515 2447 660 2528 Exposuit
675 2471 781 2514 senex:

134 2531 217 2592 Idem
231 2529 441 2600 Prometheus,
458 2538 561 2592 auctor
575 2535 655 2612 vulgi
669 2536 779 2607 fictilis,

95 2614 161 2696 (Qui
175 2612 264 2674 simul
280 2613 402 2674 offendit
416 2613 454 2675 ad
467 2615 631 2689 fortunam,
647 2617 808 2702 frangitur)

91 2699 222 2760 Naturae
237 2705 352 2776 partes,
368 2707 450 2760 reste
465 2716 540 2779 quas
553 2702 629 2764 celat
642 2704 748 2783 pudor,

92 2782 166 2843 tum
181 2784 342 2860 separatim
356 2789 419 2843 toto
433 2784 568 2846 finxisset
584 2785 641 2857 die,

90 2864 201 2943 Aptare
216 2883 285 2925 mox
299 2871 333 2925 ut
346 2873 449 2945 posset
462 2868 640 2946 corporibus
656 2874 728 2942 suis,

90 2947 135 3009 td
150 2965 255 3008 cenam
270 2955 317 3008 est
331 2951 473 3012 invitatus
488 2951 588 3013 subito
603 2954 756 3019 alibero.

89 3029 147 3092 Vbi
161 3032 310 3110 inrigatus
325 3033 418 3094 multo
432 3053 522 3097 venas
537 3044 658 3100 nectare

90 3112 165 3174 Sero
179 3117 300 3178 domum
315 3125 361 3179 est
375 3136 513 3181 reversus
527 3122 670 3185 titubanti
683 3125 771 3203 pede.

89 3195 167 3258 'l'um
182 3200 362 3262 semisomno
377 3203 466 3264 corde
482 3210 513 3264 et
527 3224 629 3268 errore
644 3207 729 3269 ebrio

88 3280 241 3361 Adplicnit
255 3285 398 3362 virginale
413 3290 518 3364 generi
533 3291 663 3352 masculo

89 3364 127 3424 Et
141 3368 303 3429 masculina
318 3369 454 3432 membra
468 3372 611 3452 adplicuit
624 3375 755 3438 leminis.

88 3446 132 3509 lta
147 3467 226 3512 nune
240 3451 334 3513 libido
348 3471 440 3533 pravo
454 3456 567 3518 fruitur
581 3460 699 3538 gaudio.

33 3540 98 3616 ἱ
