2346 3840
303 212 352 266 Du
366 211 528 267 PHAEDRI
541 210 629 266 VITA
642 210 691 265 ΜΤ
704 209 872 266 scalpris,
1003 221 1069 269 xm

104 357 141 430 6,
157 356 178 421 9
199 378 268 422 nam
283 367 313 420 et
327 359 380 420 ubi
403 359 571 421 tricandum
586 365 617 420 et
631 359 684 420 ubi
700 359 882 421 currendum
897 361 937 420 sit
951 362 1013 420 scio
1028 393 1070 404 -

105 444 159 504 ubi
179 446 219 505 sit
232 444 409 505 tardandum
425 451 455 504 et
468 444 548 505 ultro
571 442 754 504 currendum
769 446 841 504 scio.
887 441 922 514 7,
938 439 980 504 25
1003 460 1068 520 age,

105 527 190 587 abire
210 530 296 607 siquo
317 535 363 588 est
382 530 499 588 animus
520 527 553 587 L.
569 527 608 588 M.
630 561 672 572 -
693 545 747 604 age
769 529 874 607 siquo
895 526 979 588 abire
997 544 1024 586 e.
1041 545 1068 587 a.

106 607 161 680 10,
182 608 225 671 49
245 614 385 672 rimasset
405 646 447 657 -
471 612 612 673 limasset.
657 610 699 671 ib.
715 607 756 672 51
780 613 897 673 animus
919 610 953 671 L.
968 611 1006 671 M.
1028 644 1070 655 -

103 696 196 755 auris.
228 692 277 766 11,
293 693 314 756 3
334 694 512 756 roboris-
527 698 671 774 corporis.
703 691 752 764 13,
771 692 788 754 1
806 696 941 757 fecerant
955 712 1070 775 quercu

103 797 272 858 —quercu
292 780 436 841 fecerant.
473 778 516 839 ib.
534 775 574 840 13
595 779 709 840 tali‘ius
725 779 795 840 tulit
816 780 964 840 sententia
978 779 1012 838 L.
1029 779 1068 839 M.

102 862 251 923 —talem
271 863 397 941 protulit
420 864 606 924 sententiam.
645 858 734 932 15,1
756 862 868 941 palanti
883 896 925 907 -
945 860 1068 923 balanti.

105 943 195 1015 18,3
222 946 388 1007 avibus-
409 946 543 1008 auribus.
589 942 644 1016 19,
665 941 686 1007 5
708 947 926 1006 circumeunti
947 941 991 991 -'
1009 949 1068 1006 cir·

103 1032 236 1091 cueunti.
278 1030 348 1109 epil.
370 1027 391 1089 2
418 1049 484 1091 esse
505 1031 608 1091 ridear
627 1048 666 1090 ne
687 1028 744 1091 tibi
764 1063 807 1075 -
826 1048 873 1109 pr.
895 1048 922 1090 1.
943 1049 973 1090 n.
996 1038 1018 1091 t.
1040 1049 1068 1091 r.

103 1112 146 1173 ib.
163 1111 202 1174 18
216 1113 346 1175 benficia
360 1113 394 1174 L.
410 1114 449 1173 M.
465 1148 507 1159 -
521 1113 677 1175 beneficio.
899 1174 903 1178 .

165 1197 213 1257 lV.
243 1197 319 1276 prol.
334 1195 356 1256 4
375 1197 444 1259 talis
458 1200 549 1259 etiarn
563 1199 644 1258 tituli
660 1205 706 1257 est
721 1204 921 1277 appetens-
941 1204 963 1257 t.
980 1204 1026 1258 est
1041 1215 1068 1259 e.

102 1287 168 1341 1.1.
203 1276 282 1342 1115
303 1299 362 1360 quo
384 1299 444 1342 non
464 1289 551 1361 pacto
571 1281 727 1359 indagabit
748 1282 781 1342 L.
797 1281 835 1342 M.
851 1300 968 1361 -quo
983 1288 1069 1361 pacto

102 1363 328 1426 demonstrabit.
353 1364 395 1424 ib.
411 1361 451 1424 12
465 1367 534 1445 quia
549 1383 659 1444 paucas
673 1366 723 1426 ille
739 1364 880 1436 ostendit,
897 1383 952 1444 ego
967 1365 1069 1444 plures

100 1449 167 1508 iero
182 1481 224 1492 -
238 1465 269 1526 p.
285 1465 313 1507 o.
329 1451 360 1517 1.,
378 1466 404 1507 1.
420 1449 522 1526 plures
537 1450 661 1510 dissero.
691 1445 752 1520 2,1
770 1450 901 1510 ioculare
915 1449 973 1510 tibi
987 1450 1069 1510 vide·

104 1538 154 1591 tur
184 1563 227 1576 —-
255 1530 381 1591 ioculari
410 1530 468 1592 tibi
496 1531 641 1593 videmur.
684 1531 728 1592 ib.
752 1529 791 1593 15
818 1533 892 1593 alter
919 1533 1067 1604 similiter,

103 1614 211 1675 deinde
230 1616 312 1694 perit
331 1619 361 1675 11
383 1616 491 1676 tertius
510 1649 552 1662 -
567 1636 593 1677 a.
610 1635 634 1677 s.
650 1617 757 1695 periit,
780 1611 888 1677 deinde
905 1622 935 1677 et
949 1618 1067 1680 tertius.

101 1695 131 1768 4,
147 1695 168 1760 5
181 1698 263 1760 redit
275 1733 318 1744 -
332 1699 432 1761 rediit.
458 1695 488 1770 5,
504 1696 547 1762 38
567 1701 724 1780 villamque
738 1733 781 1745 -
795 1702 880 1762 vites.
908 1696 944 1770 6,
960 1696 981 1760 2
995 1719 1069 1780 quo·

102 1800 169 1842 rum
190 1789 220 1844 et
233 1815 277 1830 ·-
292 1785 388 1845 euius.
425 1779 459 1854 7,
477 1780 519 1845 10
538 1785 676 1863 pontici.
694 1784 723 1845 d.
739 1802 765 1845 r.
778 1802 818 1845 m.
834 1779 897 1846 378
911 1817 955 1832 ·-
969 1784 1066 1846 Ponti.

103 1863 131 1936 8,
147 1863 170 1926 4
184 1866 252 1927 cibo
263 1900 302 1910 —
315 1865 387 1927 cibi.
419 1863 500 1936 11,3
516 1870 568 1947 qui
583 1869 741 1944 sacrilegio
756 1874 881 1929 onustus
892 1902 934 1931 -,-
946 1874 1069 1930 onustus

103 1952 155 2028 qui
169 1950 337 2025 sacrilegio.
369 1946 408 2008 17
425 1954 877 2030 totamaeque-totam-quia.
909 1947 1067 2020 11511-
1102 2017 1105 2022 ,

102 2035 181 2091 xime
192 2032 226 2093 L.
240 2032 277 2092 M.
289 2062 334 2078 ·-
348 2033 516 2092 maximam.
543 2031 586 2092 ib.
602 2029 642 2093 19
658 2053 700 2103 1.,
714 2034 767 2095 sed
777 2034 879 2103 multo,
897 2035 1016 2112 replent
1026 2070 1068 2081 -

105 2134 131 2175 a.
149 2115 251 2176 sedulo
265 2129 291 2175 r.
307 2115 350 2175 ib.
365 2133 393 2175 v.
405 2111 456 2176 35.
471 2112 513 2177 36
529 2118 637 2178 seclusi
654 2119 775 2196 antiqua
789 2118 918 2178 lectione
933 2118 1067 2181 reducta.

102 2195 158 2268 20,
181 2195 202 2260 3
223 2201 358 2262 intimam
378 2231 422 2246 ·-
442 2199 497 2262 ult.
540 2196 596 2272 22,
617 2198 640 2261 4
662 2203 775 2262 circum
795 2204 843 2263 ire
864 2234 906 2248 -
927 2204 1067 2265 circuire.

101 2283 145 2343 ib.
161 2278 181 2344 8
200 2290 235 2343 ut
249 2285 333 2344 aiunt
352 2290 440 2345 natus
461 2318 503 2329 -
525 2293 611 2347 natus
631 2293 666 2346 ut
688 2287 780 2347 aiunt.
821 2285 864 2347 ib.
881 2286 933 2348 Cia
953 2320 995 2331 -
1011 2287 1068 2349 Cea

101 2362 345 2428 2411111111.
366 2367 418 2429 Or.
447 2368 490 2429 ib.
508 2366 642 2429 11-17
663 2372 705 2430 111
727 2370 864 2430 ordinavi
881 2367 931 2430 11.
949 2367 999 2432 15.
1017 2367 1066 2432 12.

103 2447 154 2511 17.
178 2447 228 2512 16.
251 2447 301 2512 13.
324 2449 374 2512 14.
396 2458 427 2512 11
446 2470 473 2511 v.
498 2448 536 2514 17
558 2455 617 2513 iarn
637 2471 654 2512 a
674 2453 810 2514 Bentleio
831 2471 889 2533 quo
911 2454 1068 2532 oportebat

101 2534 167 2596 loco
190 2537 378 2601 constitutus.
416 2534 458 2596 ib.
477 2531 516 2596 12
538 2555 629 2616 quom
649 2536 683 2597 L.
699 2537 737 2597 M.
753 2571 796 2582 —
810 2556 879 2617 quo.
913 2533 1067 2617 21911-

103 2636 195 2695 gnera
206 2618 240 2678 L.
252 2619 291 2678 M.
303 2651 347 2681 -.-
358 2619 467 2679 sidera.
497 2618 540 2679 ib.
557 2616 598 2679 14
612 2638 735 2681 censeas
748 2654 790 2665 —
802 2624 942 2682 sentiant.
970 2621 1013 2681 ib.
1028 2618 1067 2682 18

64 2754 73 2764 .
104 2701 292 2762 dissimulans
306 2701 340 2762 L.
355 2701 394 2761 M.
409 2732 453 2747 -
474 2702 635 2763 dimissam.
922 2763 925 2767 .

166 2785 199 2854 V,
217 2782 251 2855 1,
269 2781 309 2846 15
328 2787 361 2846 in
381 2793 573 2866 conspectum
593 2805 693 2849 meum
706 2820 748 2831 -
763 2789 796 2848 in
811 2795 974 2867 conspectu
989 2807 1066 2849 meo.

102 2864 138 2939 3,
157 2865 196 2928 11
217 2871 304 2930 venia
324 2869 487 2931 donari-
502 2872 620 2932 veniam
635 2873 664 2932 ei
680 2871 755 2933 dari.
793 2872 835 2935 ib.
854 2869 894 2932 13
908 2875 1012 2951 quavis
1025 2861 1067 2917 -“-

103 2950 1068 3102 11111111Ῐ1111311111112311511ὲὲ11ῧέ

104 3126 135 3180 11
155 3120 285 3181 derisuri
306 3139 366 3181 non
393 3124 556 3200 spectaturi
576 3122 682 3183 sedent
705 3154 747 3168 -
774 3130 804 3184 11
831 3124 986 3186 derisurus
1007 3142 1067 3185 non

104 3210 291 3281 spectaturus
306 3205 385 3266 silet.
415 3202 435 3266 6
450 3208 540 3272 inser.
557 3207 624 3267 add.
642 3224 746 3287 aeque.
781 3204 816 3277 7,
835 3204 884 3269 13.
901 3205 942 3268 14
955 3209 986 3269 id
1000 3209 1020 3269 l.
1037 3227 1065 3286 g.

104 3286 275 3348 desiderare
283 3289 317 3350 L.
324 3289 363 3349 M.
373 3321 414 3334 —
427 3297 457 3350 et
466 3290 485 3350 l.
493 3308 534 3368 g..
546 3290 721 3352 desiderari.
747 3288 847 3354 17.18
860 3299 892 3352 ut
903 3291 1067 3372 incipiebat

103 3370 221 3446 ingredi
235 3369 393 3452 Princeps,
416 3392 484 3434 eum
505 3375 625 3436 adducit
639 3377 738 3454 pretio
752 3409 796 3420 -
816 3382 847 3436 et
866 3378 887 3435 i.
903 3376 937 3436 P.
954 3394 969 3436 a
991 3376 1065 3437 duce

103 3454 232 3533 ingredi.
262 3454 429 3518 Reductum
443 3461 566 3538 pressit.
598 3455 628 3529 8,
641 3456 662 3520 2
676 3459 755 3521 nudo
770 3461 911 3539 occipitio
926 3460 962 3519 L.
974 3459 1068 3518 M.-
