<?xml version="1.0" encoding="UTF-8"?>
<!DOCTYPE html PUBLIC "-//W3C//DTD XHTML 1.0 Transitional//EN"
    "http://www.w3.org/TR/xhtml1/DTD/xhtml1-transitional.dtd">
<html xmlns="http://www.w3.org/1999/xhtml" xml:lang="en" lang="en">
 <head>
  <title>
</title>
<meta http-equiv="Content-Type" content="text/html;charset=utf-8" />
  <meta name='ocr-system' content='tesseract 3.04.00' />
  <meta name='ocr-capabilities' content='ocr_page ocr_carea ocr_par ocr_line ocrx_word'/>
</head>
<body>
  <div class='ocr_page' id='page_1' title='image "./phaedriaugustil04phaegoog_0025.png"; bbox 0 0 2346 3840; ppageno 0'>
   <div class='ocr_carea' id='block_1_1' title="bbox 101 185 785 248">
    <p class='ocr_par' dir='ltr' id='par_1_1' title="bbox 101 185 785 248">
     <span class='ocr_line' id='line_1_1' title="bbox 101 185 785 248; baseline -0.003 0"><span class='ocrx_word' id='word_1_1' title='bbox 101 185 124 248; x_wconf 89' lang='lat'>4</span> <span class='ocrx_word' id='word_1_2' title='bbox 381 190 542 246; x_wconf 81' lang='lat' dir='ltr'><strong>PHAEDRI</strong></span> <span class='ocrx_word' id='word_1_3' title='bbox 562 191 785 246; x_wconf 78' lang='lat' dir='ltr'><strong>FABVLARVM</strong></span> 
     </span>
    </p>
   </div>
   <div class='ocr_carea' id='block_1_2' title="bbox 102 338 1070 671">
    <p class='ocr_par' dir='ltr' id='par_1_2' title="bbox 104 338 827 419">
     <span class='ocr_line' id='line_1_2' title="bbox 104 338 827 419; baseline 0.003 -21"><span class='ocrx_word' id='word_1_4' title='bbox 104 339 283 409; x_wconf 82' lang='lat' dir='ltr'><strong>Secundam,</strong></span> <span class='ocrx_word' id='word_1_5' title='bbox 299 341 367 419; x_wconf 92' lang='lat' dir='ltr'><strong>quia</strong></span> <span class='ocrx_word' id='word_1_6' title='bbox 382 358 448 400; x_wconf 89' lang='lat' dir='ltr'><strong>snm</strong></span> <span class='ocrx_word' id='word_1_7' title='bbox 462 341 563 410; x_wconf 78' lang='lat' dir='ltr'><strong>tortis,</strong></span> <span class='ocrx_word' id='word_1_8' title='bbox 579 338 720 400; x_wconf 87' lang='lat' dir='ltr'><strong>tribuetis</strong></span> <span class='ocrx_word' id='word_1_9' title='bbox 735 340 827 411; x_wconf 77' lang='lat' dir='ltr'><strong>mihi:</strong></span> 
     </span>
    </p>

    <p class='ocr_par' dir='ltr' id='par_1_3' title="bbox 102 422 807 502">
     <span class='ocr_line' id='line_1_3' title="bbox 102 422 807 502; baseline 0 -20"><span class='ocrx_word' id='word_1_10' title='bbox 102 422 194 493; x_wconf 84' lang='lat' dir='ltr'><strong>Tum,</strong></span> <span class='ocrx_word' id='word_1_11' title='bbox 208 426 279 502; x_wconf 87' lang='lat' dir='ltr'><strong>quia</strong></span> <span class='ocrx_word' id='word_1_12' title='bbox 292 423 359 502; x_wconf 85' lang='lat' dir='ltr'><strong>plus</strong></span> <span class='ocrx_word' id='word_1_13' title='bbox 373 423 470 492; x_wconf 88' lang='lat' dir='ltr'><strong>valeo,</strong></span> <span class='ocrx_word' id='word_1_14' title='bbox 486 441 534 484; x_wconf 90' lang='lat' dir='ltr'><strong>me</strong></span> <span class='ocrx_word' id='word_1_15' title='bbox 550 431 690 502; x_wconf 89' lang='lat' dir='ltr'><strong>sequetur</strong></span> <span class='ocrx_word' id='word_1_16' title='bbox 703 426 807 495; x_wconf 89' lang='lat' dir='ltr'><strong>tertia;</strong></span> 
     </span>
    </p>

    <p class='ocr_par' dir='ltr' id='par_1_4' title="bbox 102 505 1070 671">
     <span class='ocr_line' id='line_1_4' title="bbox 102 505 1070 586; baseline 0.002 -20"><span class='ocrx_word' id='word_1_17' title='bbox 102 505 177 566; x_wconf 87' lang='lat' dir='ltr'><strong>Malo</strong></span> <span class='ocrx_word' id='word_1_18' title='bbox 193 508 363 577; x_wconf 82' lang='lat' dir='ltr'><strong>adiicietur,</strong></span> <span class='ocrx_word' id='word_1_19' title='bbox 380 509 475 586; x_wconf 89' lang='lat' dir='ltr'><strong>siquis</strong></span> <span class='ocrx_word' id='word_1_20' title='bbox 489 514 624 586; x_wconf 82' lang='lat' dir='ltr'>quartam</span> <span class='ocrx_word' id='word_1_21' title='bbox 638 509 782 584; x_wconf 88' lang='lat' dir='ltr'><strong>tetigerit.</strong></span> <span class='ocrx_word' id='word_1_22' title='bbox 1034 517 1070 568; x_wconf 92' lang='lat'><strong>10</strong></span> 
     </span>
     <span class='ocr_line' id='line_1_5' title="bbox 145 589 857 671; baseline 0.004 -21"><span class='ocrx_word' id='word_1_23' title='bbox 145 590 195 650; x_wconf 90' lang='lat' dir='ltr'><strong>Sic</strong></span> <span class='ocrx_word' id='word_1_24' title='bbox 208 598 301 651; x_wconf 90' lang='lat' dir='ltr'><strong>totam</strong></span> <span class='ocrx_word' id='word_1_25' title='bbox 315 591 456 669; x_wconf 81' lang='lat' dir='ltr'>praedam</span> <span class='ocrx_word' id='word_1_26' title='bbox 470 591 530 651; x_wconf 82' lang='lat' dir='ltr'><strong>sola</strong></span> <span class='ocrx_word' id='word_1_27' title='bbox 544 589 709 671; x_wconf 82' lang='lat' dir='ltr'>inprobitas</span> <span class='ocrx_word' id='word_1_28' title='bbox 724 591 857 653; x_wconf 86' lang='lat' dir='ltr'><strong>abstulit.</strong></span> 
     </span>
    </p>
   </div>
   <div class='ocr_carea' id='block_1_3' title="bbox 359 720 776 893">
    <p class='ocr_par' dir='ltr' id='par_1_5' title="bbox 359 720 776 893">
     <span class='ocr_line' id='line_1_6' title="bbox 359 720 717 802; baseline -0.008 0"><span class='ocrx_word' id='word_1_29' title='bbox 359 720 361 723; x_wconf 78' lang='grc'><strong>’</strong></span> <span class='ocrx_word' id='word_1_30' title='bbox 447 742 638 802; x_wconf 76' lang='lat' dir='ltr'><strong>aaaron</strong></span> <span class='ocrx_word' id='word_1_31' title='bbox 664 742 717 800; x_wconf 80' lang='lat' dir='ltr'><strong>vi.</strong></span> 
     </span>
     <span class='ocr_line' id='line_1_7' title="bbox 384 839 776 893; baseline -0.003 0"><span class='ocrx_word' id='word_1_32' title='bbox 384 841 532 893; x_wconf 75' lang='lat' dir='ltr'><strong>RANAn</strong></span> <span class='ocrx_word' id='word_1_33' title='bbox 548 841 607 891; x_wconf 82' lang='lat' dir='ltr'><strong>AD</strong></span> <span class='ocrx_word' id='word_1_34' title='bbox 625 839 776 892; x_wconf 77' lang='lat' dir='ltr'><strong>SOLEM.</strong></span> 
     </span>
    </p>
   </div>
   <div class='ocr_carea' id='block_1_4' title="bbox 101 924 1067 1665">
    <p class='ocr_par' dir='ltr' id='par_1_6' title="bbox 101 924 1067 1665">
     <span class='ocr_line' id='line_1_8' title="bbox 143 924 701 1003; baseline 0.002 -20"><span class='ocrx_word' id='word_1_35' title='bbox 143 924 241 984; x_wconf 83' lang='lat' dir='ltr'>Vicini</span> <span class='ocrx_word' id='word_1_36' title='bbox 254 926 331 986; x_wconf 85' lang='lat' dir='ltr'><strong>furis</strong></span> <span class='ocrx_word' id='word_1_37' title='bbox 346 924 480 986; x_wconf 78' lang='lat' dir='ltr'><strong>celebres</strong></span> <span class='ocrx_word' id='word_1_38' title='bbox 495 925 569 984; x_wconf 92' lang='lat' dir='ltr'><strong>vidit</strong></span> <span class='ocrx_word' id='word_1_39' title='bbox 582 927 701 1003; x_wconf 86' lang='lat' dir='ltr'>nuptias</span> 
     </span>
     <span class='ocr_line' id='line_1_9' title="bbox 102 1009 707 1087; baseline -0.005 -18"><span class='ocrx_word' id='word_1_40' title='bbox 102 1010 235 1087; x_wconf 79' lang='lat' dir='ltr'><strong>Aesopus</strong></span> <span class='ocrx_word' id='word_1_41' title='bbox 250 1016 280 1069; x_wconf 91' lang='lat' dir='ltr'><strong>et</strong></span> <span class='ocrx_word' id='word_1_42' title='bbox 294 1010 434 1069; x_wconf 91' lang='lat' dir='ltr'><strong>continuo</strong></span> <span class='ocrx_word' id='word_1_43' title='bbox 448 1025 572 1069; x_wconf 89' lang='lat' dir='ltr'><strong>narrare</strong></span> <span class='ocrx_word' id='word_1_44' title='bbox 586 1009 707 1085; x_wconf 85' lang='lat' dir='ltr'>incipit:</span> 
     </span>
     <span class='ocr_line' id='line_1_10' title="bbox 144 1090 826 1172; baseline 0.001 -21"><span class='ocrx_word' id='word_1_45' title='bbox 144 1093 272 1152; x_wconf 84' lang='lat' dir='ltr'><strong>onrem</strong></span> <span class='ocrx_word' id='word_1_46' title='bbox 286 1092 434 1172; x_wconf 89' lang='lat' dir='ltr'><strong>qnondam</strong></span> <span class='ocrx_word' id='word_1_47' title='bbox 449 1091 498 1152; x_wconf 89' lang='lat' dir='ltr'><strong>Sol</strong></span> <span class='ocrx_word' id='word_1_48' title='bbox 514 1109 583 1152; x_wconf 91' lang='lat' dir='ltr'><strong>cum</strong></span> <span class='ocrx_word' id='word_1_49' title='bbox 597 1090 686 1152; x_wconf 90' lang='lat' dir='ltr'><strong>vellet</strong></span> <span class='ocrx_word' id='word_1_50' title='bbox 700 1090 826 1162; x_wconf 89' lang='lat' dir='ltr'><strong>ducere,</strong></span> 
     </span>
     <span class='ocr_line' id='line_1_11' title="bbox 103 1175 708 1237; baseline -0.003 -1"><span class='ocrx_word' id='word_1_51' title='bbox 103 1175 268 1236; x_wconf 82' lang='lat' dir='ltr'><strong>Clamorem</strong></span> <span class='ocrx_word' id='word_1_52' title='bbox 282 1194 371 1236; x_wconf 90' lang='lat' dir='ltr'><strong>ranae</strong></span> <span class='ocrx_word' id='word_1_53' title='bbox 386 1175 533 1237; x_wconf 85' lang='lat' dir='ltr'><strong>sustulere</strong></span> <span class='ocrx_word' id='word_1_54' title='bbox 548 1176 585 1236; x_wconf 93' lang='lat' dir='ltr'><strong>ad</strong></span> <span class='ocrx_word' id='word_1_55' title='bbox 600 1175 708 1236; x_wconf 88' lang='lat' dir='ltr'><strong>sidera.</strong></span> 
     </span>
     <span class='ocr_line' id='line_1_12' title="bbox 103 1259 1067 1339; baseline 0.002 -19"><span class='ocrx_word' id='word_1_56' title='bbox 103 1261 237 1321; x_wconf 84' lang='lat' dir='ltr'><strong>Convitio</strong></span> <span class='ocrx_word' id='word_1_57' title='bbox 251 1266 404 1339; x_wconf 88' lang='lat' dir='ltr'><strong>permotus</strong></span> <span class='ocrx_word' id='word_1_58' title='bbox 419 1261 537 1339; x_wconf 85' lang='lat' dir='ltr'><strong>quaerit</strong></span> <span class='ocrx_word' id='word_1_59' title='bbox 550 1259 686 1338; x_wconf 88' lang='lat' dir='ltr'><strong>luppiter</strong></span> <span class='ocrx_word' id='word_1_60' title='bbox 1050 1271 1067 1322; x_wconf 79' lang='grc'><strong>5</strong></span> 
     </span>
     <span class='ocr_line' id='line_1_13' title="bbox 103 1343 959 1423; baseline 0 -19"><span class='ocrx_word' id='word_1_61' title='bbox 103 1344 227 1404; x_wconf 78' lang='lat' dir='ltr'><strong>liausam</strong></span> <span class='ocrx_word' id='word_1_62' title='bbox 241 1343 391 1423; x_wconf 86' lang='lat' dir='ltr'><strong>querelae.</strong></span> <span class='ocrx_word' id='word_1_63' title='bbox 421 1343 571 1413; x_wconf 81' lang='lat' dir='ltr'><strong>Quaedam</strong></span> <span class='ocrx_word' id='word_1_64' title='bbox 584 1349 649 1402; x_wconf 92' lang='lat' dir='ltr'><strong>tum</strong></span> <span class='ocrx_word' id='word_1_65' title='bbox 664 1344 761 1420; x_wconf 84' lang='lat' dir='ltr'><strong>stagni</strong></span> <span class='ocrx_word' id='word_1_66' title='bbox 776 1343 889 1404; x_wconf 73' lang='lat' dir='ltr'><strong>incolae</strong></span> <span class='ocrx_word' id='word_1_67' title='bbox 956 1410 959 1416; x_wconf 64' lang='grc'>,</span> 
     </span>
     <span class='ocr_line' id='line_1_14' title="bbox 102 1425 751 1507; baseline 0.002 -21"><span class='ocrx_word' id='word_1_68' title='bbox 102 1425 203 1496; x_wconf 90' lang='lat' dir='ltr'><strong>Nunc,</strong></span> <span class='ocrx_word' id='word_1_69' title='bbox 219 1429 330 1507; x_wconf 89' lang='lat' dir='ltr'><strong>inquit,</strong></span> <span class='ocrx_word' id='word_1_70' title='bbox 347 1445 450 1488; x_wconf 91' lang='lat' dir='ltr'><strong>omnes</strong></span> <span class='ocrx_word' id='word_1_71' title='bbox 463 1444 541 1487; x_wconf 88' lang='lat' dir='ltr'><strong>unus</strong></span> <span class='ocrx_word' id='word_1_72' title='bbox 556 1428 655 1486; x_wconf 87' lang='lat' dir='ltr'><strong>exurit</strong></span> <span class='ocrx_word' id='word_1_73' title='bbox 669 1427 751 1487; x_wconf 92' lang='lat' dir='ltr'><strong>lacus</strong></span> 
     </span>
     <span class='ocr_line' id='line_1_15' title="bbox 102 1510 683 1591; baseline -0.002 -19"><span class='ocrx_word' id='word_1_74' title='bbox 102 1511 244 1591; x_wconf 79' lang='lat' dir='ltr'><strong>Cogitque</strong></span> <span class='ocrx_word' id='word_1_75' title='bbox 259 1513 385 1573; x_wconf 88' lang='lat' dir='ltr'><strong>miseras</strong></span> <span class='ocrx_word' id='word_1_76' title='bbox 399 1511 480 1572; x_wconf 90' lang='lat' dir='ltr'><strong>arida</strong></span> <span class='ocrx_word' id='word_1_77' title='bbox 495 1510 565 1572; x_wconf 87' lang='lat' dir='ltr'><strong>sede</strong></span> <span class='ocrx_word' id='word_1_78' title='bbox 580 1513 683 1571; x_wconf 91' lang='lat' dir='ltr'><strong>emori.</strong></span> 
     </span>
     <span class='ocr_line' id='line_1_16' title="bbox 101 1593 781 1665; baseline -0.006 -9"><span class='ocrx_word' id='word_1_79' title='bbox 101 1593 248 1664; x_wconf 82' lang='lat' dir='ltr'><strong>Quidnam</strong></span> <span class='ocrx_word' id='word_1_80' title='bbox 261 1596 395 1656; x_wconf 91' lang='lat' dir='ltr'><strong>futurum</strong></span> <span class='ocrx_word' id='word_1_81' title='bbox 410 1602 470 1665; x_wconf 89' lang='lat' dir='ltr'><strong>est,</strong></span> <span class='ocrx_word' id='word_1_82' title='bbox 486 1595 512 1654; x_wconf 91' lang='lat' dir='ltr'><strong>si</strong></span> <span class='ocrx_word' id='word_1_83' title='bbox 526 1597 636 1653; x_wconf 89' lang='lat' dir='ltr'><strong>crearit</strong></span> <span class='ocrx_word' id='word_1_84' title='bbox 651 1593 781 1653; x_wconf 81' lang='lat' dir='ltr'><strong>liberost</strong></span> 
     </span>
    </p>
   </div>
   <div class='ocr_carea' id='block_1_5' title="bbox 210 1743 952 1895">
    <p class='ocr_par' dir='ltr' id='par_1_7' title="bbox 210 1743 952 1895">
     <span class='ocr_line' id='line_1_17' title="bbox 439 1743 723 1802; baseline 0 0"><span class='ocrx_word' id='word_1_85' title='bbox 439 1743 631 1802; x_wconf 80' lang='lat' dir='ltr'><strong>FABVLA</strong></span> <span class='ocrx_word' id='word_1_86' title='bbox 652 1743 723 1802; x_wconf 89' lang='lat' dir='ltr'><strong>VH.</strong></span> 
     </span>
     <span class='ocr_line' id='line_1_18' title="bbox 210 1839 952 1895; baseline 0.003 -3"><span class='ocrx_word' id='word_1_87' title='bbox 210 1841 378 1892; x_wconf 72' lang='lat' dir='ltr'><strong>vvnPEs</strong></span> <span class='ocrx_word' id='word_1_88' title='bbox 394 1842 454 1892; x_wconf 81' lang='lat' dir='ltr'><strong>AD</strong></span> <span class='ocrx_word' id='word_1_89' title='bbox 470 1839 703 1892; x_wconf 75' lang='lat' dir='ltr'><strong>PERSONAM</strong></span> <span class='ocrx_word' id='word_1_90' title='bbox 719 1841 952 1895; x_wconf 69' lang='lat' dir='ltr'><strong>TRAGIOAM.</strong></span> 
     </span>
    </p>
   </div>
   <div class='ocr_carea' id='block_1_6' title="bbox 102 1925 978 2245">
    <p class='ocr_par' dir='ltr' id='par_1_8' title="bbox 103 1925 890 2090">
     <span class='ocr_line' id='line_1_19' title="bbox 142 1925 817 2004; baseline -0.004 -15"><span class='ocrx_word' id='word_1_91' title='bbox 142 1929 304 1989; x_wconf 87' lang='lat' dir='ltr'><strong>Personam</strong></span> <span class='ocrx_word' id='word_1_92' title='bbox 319 1927 463 2002; x_wconf 83' lang='lat' dir='ltr'><strong>tragicam</strong></span> <span class='ocrx_word' id='word_1_93' title='bbox 476 1926 555 1986; x_wconf 91' lang='lat' dir='ltr'><strong>forte</strong></span> <span class='ocrx_word' id='word_1_94' title='bbox 568 1925 672 2004; x_wconf 88' lang='lat' dir='ltr'><strong>vulpes</strong></span> <span class='ocrx_word' id='word_1_95' title='bbox 687 1925 817 1986; x_wconf 83' lang='lat' dir='ltr'><strong>viderat:</strong></span> 
     </span>
     <span class='ocr_line' id='line_1_20' title="bbox 103 2008 890 2090; baseline -0.004 -17"><span class='ocrx_word' id='word_1_96' title='bbox 103 2013 127 2073; x_wconf 89' lang='lat'>0</span> <span class='ocrx_word' id='word_1_97' title='bbox 142 2018 251 2090; x_wconf 83' lang='lat' dir='ltr'><strong>quanta</strong></span> <span class='ocrx_word' id='word_1_98' title='bbox 265 2013 396 2090; x_wconf 82' lang='lat' dir='ltr'><strong>species,</strong></span> <span class='ocrx_word' id='word_1_99' title='bbox 411 2011 522 2090; x_wconf 91' lang='lat' dir='ltr'><strong>inquit,</strong></span> <span class='ocrx_word' id='word_1_100' title='bbox 539 2008 697 2071; x_wconf 88' lang='lat' dir='ltr'><strong>cerebrum</strong></span> <span class='ocrx_word' id='word_1_101' title='bbox 712 2008 890 2070; x_wconf 91' lang='lat' dir='ltr'><strong>nonhabet!</strong></span> 
     </span>
    </p>

    <p class='ocr_par' dir='ltr' id='par_1_9' title="bbox 102 2092 978 2245">
     <span class='ocr_line' id='line_1_21' title="bbox 143 2092 952 2171; baseline -0.001 -16"><span class='ocrx_word' id='word_1_102' title='bbox 143 2095 205 2156; x_wconf 91' lang='lat' dir='ltr'><strong>Hoc</strong></span> <span class='ocrx_word' id='word_1_103' title='bbox 219 2095 280 2156; x_wconf 88' lang='lat' dir='ltr'><strong>illis</strong></span> <span class='ocrx_word' id='word_1_104' title='bbox 295 2095 479 2163; x_wconf 89' lang='lat' dir='ltr'><strong>dictumest,</strong></span> <span class='ocrx_word' id='word_1_105' title='bbox 495 2093 606 2171; x_wconf 87' lang='lat' dir='ltr'><strong>quibus</strong></span> <span class='ocrx_word' id='word_1_106' title='bbox 622 2092 765 2152; x_wconf 89' lang='lat' dir='ltr'><strong>honorem</strong></span> <span class='ocrx_word' id='word_1_107' title='bbox 781 2099 813 2152; x_wconf 88' lang='lat' dir='ltr'><strong>et</strong></span> <span class='ocrx_word' id='word_1_108' title='bbox 827 2093 952 2168; x_wconf 84' lang='lat' dir='ltr'><strong>gloriam</strong></span> 
     </span>
     <span class='ocr_line' id='line_1_22' title="bbox 102 2175 978 2245; baseline -0.003 -6"><span class='ocrx_word' id='word_1_109' title='bbox 102 2178 235 2239; x_wconf 84' lang='lat' dir='ltr'><strong>Fortuna</strong></span> <span class='ocrx_word' id='word_1_110' title='bbox 248 2177 370 2245; x_wconf 89' lang='lat' dir='ltr'><strong>tribuit,</strong></span> <span class='ocrx_word' id='word_1_111' title='bbox 387 2194 508 2237; x_wconf 86' lang='lat' dir='ltr'><strong>sensum</strong></span> <span class='ocrx_word' id='word_1_112' title='bbox 523 2193 710 2236; x_wconf 89' lang='lat' dir='ltr'><strong>communem</strong></span> <span class='ocrx_word' id='word_1_113' title='bbox 725 2175 859 2237; x_wconf 87' lang='lat' dir='ltr'><strong>abstulit.</strong></span> <span class='ocrx_word' id='word_1_114' title='bbox 973 2185 978 2194; x_wconf 91' lang='lat'>&#39;</span> 
     </span>
    </p>
   </div>
   <div class='ocr_carea' id='block_1_7' title="bbox 370 2325 789 2495">
    <p class='ocr_par' dir='ltr' id='par_1_10' title="bbox 370 2325 789 2495">
     <span class='ocr_line' id='line_1_23' title="bbox 432 2325 731 2386; baseline 0.003 -1"><span class='ocrx_word' id='word_1_115' title='bbox 432 2325 625 2386; x_wconf 80' lang='lat' dir='ltr'><strong>FABVLA</strong></span> <span class='ocrx_word' id='word_1_116' title='bbox 646 2327 731 2386; x_wconf 87' lang='lat' dir='ltr'><strong>VIII.</strong></span> 
     </span>
     <span class='ocr_line' id='line_1_24' title="bbox 370 2423 789 2495; baseline 0.005 -21"><span class='ocrx_word' id='word_1_117' title='bbox 370 2423 523 2495; x_wconf 10' lang='lat' dir='ltr'><strong>cveyvs</strong></span> <span class='ocrx_word' id='word_1_118' title='bbox 545 2423 606 2475; x_wconf 79' lang='lat' dir='ltr'><strong>nn</strong></span> <span class='ocrx_word' id='word_1_119' title='bbox 620 2423 789 2478; x_wconf 75' lang='lat' dir='ltr'><strong>newa.</strong></span> 
     </span>
    </p>
   </div>
   <div class='ocr_carea' id='block_1_8' title="bbox 21 2507 970 3510">
    <p class='ocr_par' dir='ltr' id='par_1_11' title="bbox 100 2507 970 2757">
     <span class='ocr_line' id='line_1_25' title="bbox 143 2507 970 2588; baseline 0.002 -18"><span class='ocrx_word' id='word_1_120' title='bbox 143 2509 201 2579; x_wconf 83' lang='lat' dir='ltr'><strong>Qui</strong></span> <span class='ocrx_word' id='word_1_121' title='bbox 215 2511 346 2588; x_wconf 91' lang='lat' dir='ltr'><strong>pretium</strong></span> <span class='ocrx_word' id='word_1_122' title='bbox 360 2511 462 2569; x_wconf 90' lang='lat' dir='ltr'><strong>meriti</strong></span> <span class='ocrx_word' id='word_1_123' title='bbox 477 2509 515 2569; x_wconf 93' lang='lat' dir='ltr'><strong>ab</strong></span> <span class='ocrx_word' id='word_1_124' title='bbox 530 2507 668 2587; x_wconf 85' lang='lat' dir='ltr'><strong>inprobis</strong></span> <span class='ocrx_word' id='word_1_125' title='bbox 682 2509 841 2581; x_wconf 88' lang='lat' dir='ltr'><strong>desiderat,</strong></span> <span class='ocrx_word' id='word_1_126' title='bbox 961 2575 970 2588; x_wconf 52' lang='lat'><strong>,</strong></span> 
     </span>
     <span class='ocr_line' id='line_1_26' title="bbox 102 2589 893 2673; baseline 0 -18"><span class='ocrx_word' id='word_1_127' title='bbox 102 2589 153 2655; x_wconf 87' lang='lat' dir='ltr'><strong>Bis</strong></span> <span class='ocrx_word' id='word_1_128' title='bbox 167 2600 286 2673; x_wconf 88' lang='lat' dir='ltr'><strong>peccat:</strong></span> <span class='ocrx_word' id='word_1_129' title='bbox 308 2593 440 2670; x_wconf 86' lang='lat' dir='ltr'><strong>primum</strong></span> <span class='ocrx_word' id='word_1_130' title='bbox 455 2594 594 2671; x_wconf 90' lang='lat' dir='ltr'><strong>quoniam</strong></span> <span class='ocrx_word' id='word_1_131' title='bbox 607 2593 744 2670; x_wconf 89' lang='lat' dir='ltr'><strong>indignos</strong></span> <span class='ocrx_word' id='word_1_132' title='bbox 759 2593 893 2664; x_wconf 81' lang='lat' dir='ltr'><strong>adiuvat:</strong></span> 
     </span>
     <span class='ocr_line' id='line_1_27' title="bbox 100 2675 794 2757; baseline 0 -19"><span class='ocrx_word' id='word_1_133' title='bbox 100 2676 216 2757; x_wconf 86' lang='lat' dir='ltr'><strong>inpune</strong></span> <span class='ocrx_word' id='word_1_134' title='bbox 231 2676 316 2736; x_wconf 90' lang='lat' dir='ltr'><strong>abire</strong></span> <span class='ocrx_word' id='word_1_135' title='bbox 331 2675 439 2736; x_wconf 89' lang='lat' dir='ltr'><strong>deinde</strong></span> <span class='ocrx_word' id='word_1_136' title='bbox 454 2678 523 2755; x_wconf 87' lang='lat' dir='ltr'><strong>quia</strong></span> <span class='ocrx_word' id='word_1_137' title='bbox 538 2679 598 2737; x_wconf 90' lang='lat' dir='ltr'><strong>iam</strong></span> <span class='ocrx_word' id='word_1_138' title='bbox 613 2695 673 2736; x_wconf 94' lang='lat' dir='ltr'><strong>non</strong></span> <span class='ocrx_word' id='word_1_139' title='bbox 687 2683 794 2757; x_wconf 89' lang='lat' dir='ltr'><strong>potest.</strong></span> 
     </span>
    </p>

    <p class='ocr_par' dir='ltr' id='par_1_12' title="bbox 101 2760 834 3090">
     <span class='ocr_line' id='line_1_28' title="bbox 144 2760 792 2840; baseline 0 -19"><span class='ocrx_word' id='word_1_140' title='bbox 144 2760 184 2822; x_wconf 91' lang='lat' dir='ltr'><strong>Os</strong></span> <span class='ocrx_word' id='word_1_141' title='bbox 199 2761 370 2821; x_wconf 86' lang='lat' dir='ltr'><strong>devoratum</strong></span> <span class='ocrx_word' id='word_1_142' title='bbox 385 2761 471 2821; x_wconf 91' lang='lat' dir='ltr'><strong>iauce</strong></span> <span class='ocrx_word' id='word_1_143' title='bbox 485 2778 552 2820; x_wconf 90' lang='lat' dir='ltr'><strong>cnm</strong></span> <span class='ocrx_word' id='word_1_144' title='bbox 568 2760 706 2822; x_wconf 88' lang='lat' dir='ltr'><strong>haereret</strong></span> <span class='ocrx_word' id='word_1_145' title='bbox 721 2761 792 2840; x_wconf 85' lang='lat' dir='ltr'><strong>lupi,</strong></span> 
     </span>
     <span class='ocr_line' id='line_1_29' title="bbox 101 2843 693 2922; baseline 0 -18"><span class='ocrx_word' id='word_1_146' title='bbox 101 2843 206 2920; x_wconf 87' lang='lat' dir='ltr'><strong>Magno</strong></span> <span class='ocrx_word' id='word_1_147' title='bbox 222 2843 323 2904; x_wconf 89' lang='lat' dir='ltr'><strong>dolore</strong></span> <span class='ocrx_word' id='word_1_148' title='bbox 337 2845 434 2904; x_wconf 83' lang='lat' dir='ltr'><strong>victus</strong></span> <span class='ocrx_word' id='word_1_149' title='bbox 448 2845 546 2922; x_wconf 87' lang='lat' dir='ltr'><strong>coepit</strong></span> <span class='ocrx_word' id='word_1_150' title='bbox 561 2844 693 2921; x_wconf 85' lang='lat' dir='ltr'><strong>singulos</strong></span> 
     </span>
     <span class='ocr_line' id='line_1_30' title="bbox 102 2925 834 3007; baseline 0.003 -20"><span class='ocrx_word' id='word_1_151' title='bbox 102 2927 228 2987; x_wconf 85' lang='lat' dir='ltr'><strong>inlicere</strong></span> <span class='ocrx_word' id='word_1_152' title='bbox 244 2928 358 3007; x_wconf 89' lang='lat' dir='ltr'><strong>pretio,</strong></span> <span class='ocrx_word' id='word_1_153' title='bbox 374 2925 495 2987; x_wconf 92' lang='lat' dir='ltr'><strong>utillud</strong></span> <span class='ocrx_word' id='word_1_154' title='bbox 511 2927 702 2988; x_wconf 84' lang='lat' dir='ltr'><strong>extraherent</strong></span> <span class='ocrx_word' id='word_1_155' title='bbox 715 2928 834 2989; x_wconf 87' lang='lat' dir='ltr'><strong>malum.</strong></span> 
     </span>
     <span class='ocr_line' id='line_1_31' title="bbox 101 3010 778 3090; baseline 0.003 -20"><span class='ocrx_word' id='word_1_156' title='bbox 101 3010 232 3071; x_wconf 84' lang='lat' dir='ltr'><strong>&#39;landem</strong></span> <span class='ocrx_word' id='word_1_157' title='bbox 246 3029 389 3090; x_wconf 86' lang='lat' dir='ltr'><strong>persuasa</strong></span> <span class='ocrx_word' id='word_1_158' title='bbox 404 3016 450 3071; x_wconf 88' lang='lat' dir='ltr'><strong>est</strong></span> <span class='ocrx_word' id='word_1_159' title='bbox 463 3012 529 3070; x_wconf 90' lang='lat' dir='ltr'><strong>iure</strong></span> <span class='ocrx_word' id='word_1_160' title='bbox 543 3012 669 3072; x_wconf 91' lang='lat' dir='ltr'><strong>iurando</strong></span> <span class='ocrx_word' id='word_1_161' title='bbox 683 3015 778 3089; x_wconf 86' lang='lat' dir='ltr'><strong>gruis,</strong></span> 
     </span>
    </p>

    <p class='ocr_par' dir='ltr' id='par_1_13' title="bbox 21 3093 823 3426">
     <span class='ocr_line' id='line_1_32' title="bbox 44 3093 719 3173; baseline 0 -19"><span class='ocrx_word' id='word_1_162' title='bbox 44 3093 47 3097; x_wconf 79' lang='grc'><strong>’</strong></span> <span class='ocrx_word' id='word_1_163' title='bbox 102 3093 254 3173; x_wconf 88' lang='lat' dir='ltr'><strong>Gulaeque</strong></span> <span class='ocrx_word' id='word_1_164' title='bbox 269 3095 395 3155; x_wconf 89' lang='lat' dir='ltr'><strong>credens</strong></span> <span class='ocrx_word' id='word_1_165' title='bbox 410 3094 477 3155; x_wconf 93' lang='lat' dir='ltr'><strong>colli</strong></span> <span class='ocrx_word' id='word_1_166' title='bbox 493 3094 719 3172; x_wconf 85' lang='lat' dir='ltr'><strong>longitudinem,</strong></span> 
     </span>
     <span class='ocr_line' id='line_1_33' title="bbox 101 3177 678 3257; baseline -0.002 -20"><span class='ocrx_word' id='word_1_167' title='bbox 101 3177 304 3239; x_wconf 91' lang='lat' dir='ltr'><strong>Periculosam</strong></span> <span class='ocrx_word' id='word_1_168' title='bbox 318 3180 391 3239; x_wconf 87' lang='lat' dir='ltr'><strong>iecit</strong></span> <span class='ocrx_word' id='word_1_169' title='bbox 404 3178 582 3239; x_wconf 92' lang='lat' dir='ltr'><strong>medicinam</strong></span> <span class='ocrx_word' id='word_1_170' title='bbox 596 3179 678 3257; x_wconf 88' lang='lat' dir='ltr'><strong>lupo.</strong></span> 
     </span>
     <span class='ocr_line' id='line_1_34' title="bbox 102 3261 770 3341; baseline 0.006 -21"><span class='ocrx_word' id='word_1_171' title='bbox 102 3261 126 3320; x_wconf 81' lang='grc' dir='ltr'><strong>Α</strong></span> <span class='ocrx_word' id='word_1_172' title='bbox 141 3280 199 3340; x_wconf 91' lang='lat' dir='ltr'><strong>quo</strong></span> <span class='ocrx_word' id='word_1_173' title='bbox 214 3280 281 3322; x_wconf 92' lang='lat' dir='ltr'><strong>cum</strong></span> <span class='ocrx_word' id='word_1_174' title='bbox 295 3269 414 3341; x_wconf 89' lang='lat' dir='ltr'><strong>pactum</strong></span> <span class='ocrx_word' id='word_1_175' title='bbox 428 3262 575 3339; x_wconf 87' lang='lat' dir='ltr'><strong>flagitaret</strong></span> <span class='ocrx_word' id='word_1_176' title='bbox 589 3263 770 3341; x_wconf 87' lang='lat' dir='ltr'><strong>praemium:</strong></span> 
     </span>
     <span class='ocr_line' id='line_1_35' title="bbox 21 3343 823 3426; baseline 0.004 -23"><span class='ocrx_word' id='word_1_177' title='bbox 21 3373 24 3378; x_wconf 95' lang='lat'>·</span> <span class='ocrx_word' id='word_1_178' title='bbox 101 3343 221 3421; x_wconf 89' lang='lat' dir='ltr'><strong>Ingrata</strong></span> <span class='ocrx_word' id='word_1_179' title='bbox 236 3362 284 3415; x_wconf 88' lang='lat' dir='ltr'><strong>es,</strong></span> <span class='ocrx_word' id='word_1_180' title='bbox 299 3347 411 3424; x_wconf 91' lang='lat' dir='ltr'><strong>inquit,</strong></span> <span class='ocrx_word' id='word_1_181' title='bbox 428 3364 479 3406; x_wconf 90' lang='lat' dir='ltr'><strong>ore</strong></span> <span class='ocrx_word' id='word_1_182' title='bbox 495 3363 569 3425; x_wconf 89' lang='lat' dir='ltr'><strong>quae</strong></span> <span class='ocrx_word' id='word_1_183' title='bbox 585 3364 602 3405; x_wconf 90' lang='lat' dir='ltr'><strong>e</strong></span> <span class='ocrx_word' id='word_1_184' title='bbox 617 3353 719 3406; x_wconf 89' lang='lat' dir='ltr'><strong>nostro</strong></span> <span class='ocrx_word' id='word_1_185' title='bbox 734 3353 823 3426; x_wconf 91' lang='lat' dir='ltr'><strong>caput</strong></span> 
     </span>
    </p>

    <p class='ocr_par' dir='ltr' id='par_1_14' title="bbox 101 3426 809 3510">
     <span class='ocr_line' id='line_1_36' title="bbox 101 3426 809 3510; baseline 0.01 -24"><span class='ocrx_word' id='word_1_186' title='bbox 101 3426 251 3489; x_wconf 91' lang='lat' dir='ltr'><strong>Incolume</strong></span> <span class='ocrx_word' id='word_1_187' title='bbox 266 3427 426 3490; x_wconf 85' lang='lat' dir='ltr'><strong>abstuleris</strong></span> <span class='ocrx_word' id='word_1_188' title='bbox 440 3437 471 3489; x_wconf 90' lang='lat' dir='ltr'><strong>et</strong></span> <span class='ocrx_word' id='word_1_189' title='bbox 485 3429 653 3492; x_wconf 88' lang='lat' dir='ltr'><strong>mercedem</strong></span> <span class='ocrx_word' id='word_1_190' title='bbox 667 3431 809 3510; x_wconf 86' lang='lat' dir='ltr'><strong>postules.</strong></span> 
     </span>
    </p>
   </div>
   <div class='ocr_carea' id='block_1_9' title="bbox 0 0 1178 3840">
    <p class='ocr_par' dir='ltr' id='par_1_15' title="bbox 0 0 1178 3840">
     <span class='ocr_line' id='line_1_37' title="bbox 0 0 1178 3840; baseline 0 0"><span class='ocrx_word' id='word_1_191' title='bbox 0 0 1178 3840; x_wconf 95' lang='lat' dir='ltr'><strong> </strong></span> 
     </span>
    </p>
   </div>
  </div>
 </body>
</html>
