2346 3840
500 209 608 264 LIBER
628 209 651 264 Ι.
743 201 747 207 ’

98 362 192 438 lgitur
208 379 275 421 cum
291 375 414 420 currens
429 356 534 418 bibere
550 359 803 437 coepisset-canis,

97 445 149 506 Sic
164 444 346 505 corcodilus:
376 440 545 512 Quamlibet
559 441 657 502 lambe
674 444 751 512 otio;

97 528 167 589 Noli
181 530 289 588 vereri.
320 528 358 588 At
371 527 436 587 ille:
467 526 611 586 Facerem
625 526 807 595 mehercule,

97 612 163 672 Nisi
180 630 244 673 esse
258 614 368 672 scirem
382 610 481 671 carnis
495 616 525 668 te
540 609 683 688 cupidum
697 627 792 671 meae.

416 760 609 820 FABVLA
630 761 738 820 XXVI.

357 857 525 909 VVLPES
542 858 597 908 E'I'
616 858 800 912 0100N1A.

140 943 220 1006 Nulli
234 943 416 1005 nocendum:
439 945 533 1021 siquis
548 962 619 1003 vero
634 943 763 1014 laeserit,

96 1029 279 1090 Multandum
294 1028 385 1089 simili
400 1029 464 1087 iure
483 1026 590 1088 sabella
605 1028 752 1089 admonet.

138 1114 249 1192 Vulpes
264 1113 301 1174 ad
316 1129 420 1172 cenam
435 1111 545 1171 dicitur
560 1113 706 1172 ciconiam

96 1196 183 1256 Prior
197 1198 337 1258 inaltasse
353 1202 383 1254 et
396 1195 442 1255 illi
457 1197 488 1254 in
503 1197 603 1273 patina
618 1194 761 1273 liquidam

96 1279 234 1340 Posuisse
249 1279 456 1352 sorbitionem,
473 1297 560 1357 quam
576 1278 758 1339 nullomodo

96 1363 224 1424 Gustare
239 1366 374 1423 esuriens
388 1364 519 1441 potuerit
533 1364 657 1423 ciconia.

96 1446 179 1515 Quae
193 1447 312 1525 vulpem
327 1452 590 1513 oum-revocasset,
607 1448 712 1506 intrito
728 1445 795 1506 cibo

96 1529 218 1589 Plenam
232 1530 368 1606 lagonam
381 1530 496 1607 posuit:
518 1528 589 1588 huic
603 1535 735 1588 rostrum
748 1531 885 1590 inserens

97 1614 229 1673 Satiatur
242 1614 306 1692 ipsa
321 1619 350 1672 et
364 1618 483 1691 torquet
494 1614 649 1673 convivam
664 1612 752 1672 lame.

96 1695 176 1767 Quae
191 1715 259 1757 cum
273 1697 395 1774 lagonae
410 1695 519 1756 collum
533 1696 645 1756 frustra
659 1695 814 1765 lamberet,
1024 1703 1058 1755 lt

95 1780 288 1858 Peregrinam
302 1783 346 1841 sic
360 1781 488 1841 locutam
502 1781 654 1841 volucrem
669 1783 853 1860 accepimus:

96 1863 156 1924 Sua
170 1867 296 1944 quisque
312 1863 447 1942 exempla
462 1862 552 1924 debet
567 1883 661 1944 aequo
676 1866 775 1925 animo
789 1867 860 1944 pati.

405 2012 598 2071 FABVLA
618 2012 742 2072 XXVII.

166 2109 292 2160 cAms
308 2109 363 2160 ΕἛ
382 2107 636 2160 'I'HESAVRVS
651 2109 708 2160 Eu
724 2110 982 2165 VVH'VRIVS.

181 2193 275 2275 [llaec
289 2213 338 2255 res
354 2197 450 2255 avaris
466 2213 531 2255 esse
546 2197 726 2255 conveniens
740 2202 837 2274 potest

95 2278 133 2339 Et
146 2281 197 2358 qui
212 2279 340 2339 humiles
354 2281 417 2338 nati
432 2278 491 2339 dici
504 2278 667 2357 locupletes
682 2278 827 2360 student]
857 2287 859 2290 ’

137 2362 270 2423 Humana
285 2362 428 2422 ellodiens
443 2380 508 2422 ossa
523 2362 697 2422 thesaurum
713 2365 795 2423 oanis
902 2422 906 2430 ,

94 2445 255 2524 Ιηνοηίιλεῐ
268 2446 393 2506 violarat
407 2447 477 2523 quia
490 2444 591 2505 Manes
605 2445 687 2515 deos,

94 2528 206 2590 iniecta
222 2536 267 2589 est
281 2530 326 2589 illi
341 2529 513 2590 divitiarum
528 2529 685 2608 cupiditas,

94 2611 208 2672 Poenas
219 2620 253 2673 ut
267 2619 386 2672 sanetae
401 2612 540 2689 religioni
549 2613 710 2691 penderet.

93 2693 196 2772 ltaque
209 2707 316 2755 ararum
331 2695 403 2756 dum
417 2695 558 2764 custodit,
575 2694 685 2756 oblitus
700 2696 761 2756 cibi

95 2779 185 2839 Fame
200 2785 246 2839 est
261 2786 467 2857 consumptus;
482 2796 570 2857 quem
586 2786 667 2840 stans
681 2779 827 2841 vulturius
842 2799 932 2860 super

95 2860 205 2923 Fertur
219 2861 351 2923 locutus:
382 2863 406 2924 0
422 2865 520 2932 canis,
537 2866 644 2924 merito
659 2865 748 2934 iaces,

94 2943 151 3014 Qui
167 2948 333 3024 concupisti
349 2945 448 3006 subito
463 2948 579 3023 regales
594 2965 676 3025 opes,

94 3028 194 3089 Triuio
209 3035 351 3107 concepte
367 3036 398 3092 et
412 3028 535 3090 educate
551 3040 693 3091 stercore.

311 3194 315 3201 ’
394 3179 587 3240 FABVLA
611 3181 751 3241 XXVIII.

355 3277 522 3329 VVLPE'S
537 3278 593 3329 ET
611 3278 787 3338 AQVILA.

135 3358 274 3430 Quamvis
288 3360 430 3422 sublimes
446 3362 555 3423 debent
569 3364 697 3424 humiles
710 3373 853 3437 metuere,

94 3442 230 3506 Vindicta
244 3443 334 3506 docili
348 3447 418 3526 quia
432 3455 514 3526 patet
529 3448 687 3511 sollertiae.
