2346 3840
438 217 547 276 LIBER
567 220 603 276 Π.
623 220 673 276 ΙΠ.

394 419 516 479 LIBER
539 419 721 480 TERTIVS.

270 531 501 584 PHAEDRVS
517 535 576 586 AD
592 534 846 590 EV'I'YOHVM·

119 618 248 680 Phaedri
263 619 380 680 libellos
393 619 494 696 legere
510 620 536 679 si
552 619 713 690 desideras,

76 703 169 764 Vaces
183 710 314 782 oportet,
331 703 480 782 Eutyche,
497 722 514 763 a
527 706 664 781 negotiis,

77 788 111 847 vt
127 786 207 848 liber
221 789 338 848 animus
353 789 462 847 sentiat
475 789 536 848 vim
551 791 702 848 carminis.

76 871 200 941 Verum,
216 871 331 950 inquis,
347 873 423 931 tanti
437 888 497 930 non
513 876 559 930 est
573 873 728 948 ingenium
742 879 835 941 tuum,

76 954 257 1015 Momentum
271 961 305 1015 ut
318 953 409 1014 horae
424 951 528 1033 pereat
542 954 652 1016 officiis
663 957 749 1016 meis.

77 1038 142 1099 Non
158 1056 228 1116 ergo
243 1055 332 1098 causa
348 1045 394 1098 est
408 1037 546 1098 manibus
560 1038 591 1099 id
607 1042 687 1116 tangi
703 1041 773 1110 tuis,

77 1120 161 1192 Quod
175 1123 328 1200 occupatis
342 1120 466 1182 auribus
480 1139 540 1181 non
555 1125 702 1184 convenit.

76 1207 217 1266 Fortasse
233 1206 329 1266 dices:
354 1205 484 1284 ‘Aliquae
499 1207 620 1265 venient
633 1207 738 1275 leriae,

76 1288 157 1361 Quae
172 1307 220 1350 me
235 1288 331 1350 soluto
344 1297 466 1369 pectore
481 1288 518 1350 ad
533 1290 664 1350 studium
677 1297 793 1350 vocent.

76 1374 225 1451 Legesne,
241 1390 364 1453 quaeso,
381 1375 482 1452 potius
497 1373 569 1434 viles
584 1377 699 1443 nenias,

76 1457 232 1536 Mpendas
247 1475 349 1518 curam
364 1474 453 1536 qnam
467 1458 513 1517 rei
529 1458 717 1533 domesticae,

77 1540 194 1602 Reddas
209 1543 313 1602 amicis
328 1548 476 1619 tempora,
493 1542 578 1601 uxori
593 1559 688 1610 vaces,

20 1671 25 1678 .
77 1627 217 1686 Animum
230 1625 360 1694 relaxes,
377 1627 471 1686 otium
486 1625 539 1685 des
553 1628 681 1705 corpori,

76 1709 114 1770 Vt
129 1709 281 1770 adsuetam
295 1711 405 1771 lortius
421 1715 555 1788 praestes
569 1710 684 1770 vioemt

76 1792 249 1855 Mutandum
264 1792 320 1853 tibi
333 1795 521 1873 propositum
536 1800 581 1854 est
595 1802 626 1855 et
640 1795 717 1854 vitoe
732 1810 837 1871 genus,

76 1877 192 1938 Intrare
208 1878 234 1937 si
248 1877 399 1938 Musarum
413 1877 505 1938 limen
520 1879 641 1955 cogitas,

76 1962 154 2038 Ego,
170 1979 259 2040 quem
273 1960 374 2021 Pierio
388 1969 484 2022 mater
499 1963 587 2021 enixa
602 1970 647 2023 est
660 1961 741 2040 jugo,

76 2045 111 2105 ln
126 2062 184 2124 qno
199 2046 313 2105 tonanti
328 2051 428 2105 sancta
443 2043 631 2123 Mnemosyne
646 2044 708 2104 lovi

77 2128 216 2192 Fecunda
231 2130 334 2189 novies
349 2131 459 2189 artium
473 2131 592 2208 peperit
607 2128 739 2198 chorum,

77 2211 218 2283 Quamvis
232 2213 264 2272 in
279 2214 344 2291 ipsa
358 2231 452 2292 paene
468 2219 555 2274 natus
570 2214 627 2273 sim
642 2212 741 2274 schola

77 2297 242 2375 Curamque
256 2295 387 2357 habendi
401 2298 521 2376 penitus
535 2297 624 2357 corde
639 2297 782 2357 eraserim

76 2380 115 2441 Et
128 2379 215 2442 laude
230 2381 341 2441 invicta
355 2383 444 2440 vitam
459 2382 490 2440 in
504 2380 580 2441 hanc
594 2379 791 2450 incubuerim,

76 2463 242 2526 Fastidiose
256 2470 355 2524 tamen
370 2466 401 2524 in
417 2470 534 2524 coetum
547 2465 687 2542 recipior.

76 2546 153 2618 Quid
168 2548 267 2608 credis
281 2547 325 2608 illi
340 2548 491 2617 accidere,
508 2550 558 2627 qui
573 2565 694 2626 magnas
709 2564 782 2626 opes

77 2631 263 2709 Exaggerare
279 2633 397 2710 quaerit
411 2634 491 2691 omni
506 2633 615 2709 vigilia,

76 2714 169 2776 Docto
182 2715 278 2775 labori
294 2715 379 2775 dulce
393 2733 580 2794 praeponens
593 2715 727 2775 lucrum?

78 2798 136 2858 Sed
151 2800 210 2859 iam
225 2799 431 2878 quodcumque
445 2799 552 2869 suerit,
568 2807 601 2860 ut
616 2798 693 2859 dixit
707 2796 809 2868 Sinon,

76 2882 120 2942 Ad
134 2900 236 2959 regem
252 2901 319 2943 cum
333 2882 505 2944 Dardaniae
515 2883 677 2963 perductus
691 2882 775 2983 iores

76 2965 201 3027 Librum
216 2964 344 3027 exarabo
359 2969 482 3027 tertium
496 2968 604 3046 Aesopi
620 2966 698 3036 stilo,

76 3049 189 3110 Honori
205 3057 235 3111 et
250 3050 366 3109 meritis
382 3049 522 3109 dedicans
535 3050 619 3111 illum
633 3053 702 3110 tuis.

76 3130 171 3202 Quem
186 3135 211 3194 si
226 3134 321 3212 leges,
337 3132 485 3204 laetabor:
501 3135 547 3194 sin
563 3141 662 3194 autem
676 3134 784 3202 minus,

76 3214 236 3277 Habebunt
250 3223 345 3286 certe,
362 3235 421 3296 qno
436 3235 468 3278 se
483 3216 632 3279 oblectent
645 3220 767 3296 posteri.

118 3297 218 3369 Nunc,
234 3300 399 3362 fabularum
415 3318 470 3361 cnr
484 3303 524 3362 sit
537 3303 689 3362 inventum
704 3317 808 3377 genus,

76 3383 165 3444 Brevi
180 3383 301 3445 docebo.
332 3384 466 3446 Servitus
481 3384 616 3455 obnoxia,

78 3465 155 3537 Quia
170 3484 246 3547 quae
262 3466 379 3529 volebat
392 3487 452 3530 non
467 3468 594 3530 audebat
610 3426 738 3625 diceref

797 3561 849 3623 Ῥ-
