2346 3840
505 213 613 268 urere
632 212 688 290 u„

450 362 643 422 FABVLA
663 360 718 420 IV.

315 461 495 522 novum,
511 459 645 511 mnus
661 459 717 509 ET
734 452 932 511 Arum-⁴

149 546 254 625 Aquila
268 548 300 607 in
315 546 437 608 sublimi
453 543 566 625 quercu
581 545 685 605 nidum
699 545 826 613 feceram

106 629 194 691 Feles
208 648 364 691 cavernam
379 638 485 691 nancta
501 633 532 691 in
547 629 645 689 media
660 634 836 708 pepererat:

107 714 164 774 Sus
179 716 310 775 nemoris
326 715 435 774 cultrix
449 717 543 775 letum
558 712 595 775 ud
609 714 699 774 imam
713 718 864 791 posuerat.

106 797 183 857 Tum
197 799 354 859 fortuitum
368 797 442 858 leles
456 796 687 857 contubernium

105 880 223 941 Fraude
239 889 270 942 et
284 880 410 942 scelesta
426 883 469 942 sic
484 883 592 942 evertit
605 880 727 942 malitia.

106 964 150 1024 Ad
164 965 268 1042 nidum
283 966 400 1026 scandit
414 964 558 1026 volucris:
587 964 755 1032 Pernicies,
772 964 822 1031 ait,

106 1046 174 1107 Tibi
190 1056 327 1127 paratur,
343 1048 443 1110 lordan
459 1055 489 1109 et
503 1051 631 1109 miserae
646 1049 737 1118 mihi;

105 1130 181 1192 Nam
195 1132 298 1192 fodere
313 1139 424 1193 terram
440 1132 517 1212 quod
532 1134 615 1193 vides
630 1132 739 1192 cotidie

105 1215 220 1293 Aprum
234 1217 425 1287 insidiosum,
442 1235 585 1296 quercum
601 1215 662 1276 vult
677 1221 822 1283 evertere,

55 1361 58 1366 ,
105 1297 142 1358 Vt
156 1306 287 1361 nostram
302 1303 334 1361 in
349 1301 439 1380 plano
454 1302 542 1362 facile
556 1302 732 1380 progeniem
746 1300 902 1379 opprimat.

106 1380 235 1443 Terrore
250 1385 344 1444 olluso
359 1391 389 1444 et
403 1385 588 1464 perturbatis
602 1383 740 1446 sensibus

105 1465 230 1546 Derepit
244 1468 280 1528 ad
296 1467 394 1528 cubile
409 1476 525 1529 setosae
539 1471 620 1529 suis:

105 1549 227 1628 Magno,
242 1553 355 1631 inquit,
371 1554 404 1612 in
418 1553 531 1631 periclo
547 1559 615 1612 sunt
629 1554 690 1612 nati
705 1552 765 1620 tui;

105 1632 196 1704 Nam,
214 1636 303 1696 simul
319 1637 429 1696 exieris
443 1643 561 1715 pastum
576 1653 644 1696 cum
658 1642 762 1695 tenero
778 1650 878 1711 grego,

108 1717 211 1796 Aquila
226 1726 271 1778 est
284 1727 387 1798 parata
403 1738 510 1799 rapere
525 1719 670 1798 porcellos
684 1718 751 1778 tibi.
767 1716 771 1724 '

105 1799 192 1861 Hunc
206 1821 324 1881 quoque
340 1805 447 1864 timore
462 1812 618 1884 postquam
629 1803 780 1882 conplevit
796 1802 904 1871 locum,

105 1883 213 1945 Dolosa
228 1893 292 1947 tuto
308 1888 442 1948 condidit
456 1906 522 1948 sese
538 1906 619 1948 cavo.

105 1967 177 2028 lnde
193 1976 312 2047 evagata
326 1977 416 2031 noctu
431 1988 575 2050 suspenso
590 1972 674 2049 pede,

105 2050 162 2111 Vbi
177 2069 245 2112 esca
259 2071 292 2113 se
306 2054 433 2132 replerit
447 2062 476 2116 et
490 2053 605 2134 prolem
620 2058 712 2123 suam,

105 2135 247 2197 Pavorem
262 2138 403 2198 simulans
417 2140 564 2218 prospicit
577 2144 640 2198 toto
654 2137 713 2197 die.

105 2219 232 2280 Ruinam
246 2228 383 2284 metuens
398 2224 497 2302 aquila
513 2224 604 2284 ramis
620 2222 751 2292 desidet;

105 2303 184 2381 Aper
198 2305 333 2383 rapinam
348 2309 445 2367 vitans
459 2325 519 2367 non
533 2307 633 2385 prodit
647 2307 737 2366 foras.

105 2384 182 2467 Quid
197 2389 306 2449 multa?
331 2389 433 2450 lnedia
447 2397 517 2450 sunt
531 2392 699 2468 consumpti
714 2407 780 2450 curn
795 2392 856 2450 suis

106 2469 244 2549 Felisque
260 2473 365 2533 catulis
380 2474 492 2551 largam
506 2472 710 2553 praebuerunt
724 2472 840 2552 dapem.

147 2552 295 2624 Quantum
310 2557 397 2618 homo
412 2557 557 2636 bilinguis
571 2576 660 2637 saepe
676 2559 833 2618 concinnet
848 2557 927 2627 mali,

105 2636 319 2700 Documentum
334 2640 445 2700 habere
461 2642 550 2702 stulta
565 2642 724 2702 credulitas
739 2648 844 2720 potest.

462 2776 654 2836 FABVLA
673 2775 711 2834 V.

251 2869 383 2940 [runnu]
404 2873 569 2926 ceuceu
586 2875 644 2926 Ar>
661 2874 921 2927 arumnorum.
1004 2854 1013 2875 ‘

145 2955 199 3017 Est
214 2957 399 3018 ardelionum
413 2961 557 3038 quaedam
571 2961 682 3021 Romae
697 2962 788 3029 natio,

104 3039 235 3118 Trepide
250 3058 443 3111 concursans,
460 3050 600 3120 occupata
615 3046 647 3103 in
662 3047 731 3112 otio,

103 3124 204 3184 Gratis
219 3124 375 3193 anhelans,
391 3124 483 3187 multa
498 3125 611 3203 agendo
626 3127 669 3186 nil
684 3144 785 3204 agens,

104 3205 171 3268 Sibi
184 3208 309 3279 molesta
324 3215 354 3268 et
368 3209 434 3270 aliis
449 3209 645 3271 odiosissima.

103 3290 186 3350 Hanc
201 3293 373 3362 emendare,
389 3295 415 3354 si
430 3299 531 3355 tamen
545 3312 681 3373 possum,
696 3294 762 3354 volo

105 3372 180 3435 Vera
194 3373 316 3438 labella:
339 3379 469 3456 pretium
485 3385 530 3439 est
545 3396 653 3458 operae
668 3377 840 3440 adtendere.

146 3458 255 3520 Caesar
269 3458 411 3521 Tiberius
425 3479 494 3523 cum
507 3469 614 3541 petens
628 3461 783 3541 Neapolim
