2346 3840
493 211 599 267 LIBER
620 211 667 268 IV.

432 401 596 462 FABVLA
616 400 725 462 XXIV.

328 508 548 560 nomnen
572 507 632 561 ΕΤ
657 507 828 561 MVSGA.

141 605 224 672 Nihil
238 628 326 689 agere
342 611 421 690 quod
436 628 495 671 non
510 612 621 689 prosit,
637 609 745 671 fabella
760 609 909 675 admouet.

141 697 280 756 Formica
295 702 325 755 et
339 711 442 755 musca
456 693 674 756 contendebant
689 696 808 765 acriter,

98 779 180 850 Quae
194 779 290 858 pluris
304 784 393 838 esset.
422 777 522 838 llusca
536 780 580 838 sic
595 780 693 857 coepit
705 781 804 856 prior:

101 864 244 926 Conferre
260 864 371 923 nostris
385 869 418 922 tu
432 870 518 940 potes
531 868 561 922 te
575 859 731 923 laudibus?

99 946 156 1008 Vbi
171 945 344 1016 inmolatur,
361 952 428 1005 exta
442 952 601 1023 praegusto
617 946 720 1017 deum;

99 1030 200 1091 Moror
214 1033 294 1090 inter
308 1045 388 1099 araS,
404 1028 513 1107 templa
527 1028 675 1107 perlustro
689 1031 796 1090 omnia.

99 1113 133 1174 ln
149 1115 246 1193 capite
260 1114 341 1190 regis
354 1111 459 1182 sedeo,
476 1130 544 1172 oum
559 1114 655 1173 visum
670 1118 716 1173 cst
728 1113 822 1183 mihi,

99 1197 138 1258 Et
151 1204 354 1258 matronarum
369 1201 449 1256 casta
463 1194 562 1256 delibo
578 1196 687 1257 oscula.

99 1280 217 1342 Laboro
231 1280 321 1351 nihil,
338 1286 425 1360 atque
441 1281 562 1357 optimis
576 1278 668 1340 rebus
681 1281 774 1341 fruor.

99 1363 178 1434 Quid
192 1365 299 1424 horum
313 1364 409 1423 simile
424 1361 481 1424 tibi
496 1364 657 1440 contingit,
673 1363 804 1424 rusticaf

99 1447 153 1508 Est
167 1448 315 1525 gloriosus
330 1464 400 1507 saue
416 1447 568 1506 convictus
582 1446 680 1517 deum,

101 1531 160 1592 Sed
174 1531 233 1602 illi,
249 1533 301 1610 qui
315 1531 471 1599 invitatur,
487 1547 545 1590 non
560 1530 611 1609 qui
625 1531 740 1591 invisus
755 1537 809 1592 est.

100 1615 174 1676 Aras
187 1616 373 1695 frequentas:
395 1631 503 1692 nempe
517 1611 660 1690 abigeris,
677 1633 766 1694 quom
780 1615 875 1676 venis.

99 1697 197 1776 Reges
211 1714 415 1759 conmemoras
429 1703 459 1758 et
472 1703 674 1758 matronarum
688 1698 805 1769 osorum

101 1782 198 1860 Super
213 1784 303 1842 etiam
317 1783 425 1852 iactas,
441 1787 543 1858 tegere
558 1781 636 1861 quod
651 1780 742 1842 debet
754 1782 861 1861 pudor.

100 1865 183 1926 Nihil
198 1864 329 1926 laboras:
352 1865 419 1925 ideo
434 1882 503 1924 cum
518 1882 591 1943 opus
606 1873 665 1934 est,
681 1865 723 1926 nil
738 1864 840 1926 habes.

100 1948 164 2027 Ego
178 1965 304 2026 granum
318 1950 351 2008 in
365 1948 495 2008 hiemem
510 1965 578 2007 cum
590 1948 723 2009 studiose
738 1965 878 2025 congero,

100 2031 144 2092 Te
159 2033 239 2092 circa
253 2049 371 2092 murum
386 2032 468 2110 pasci
483 2031 569 2091 video
583 2037 725 2091 stercore.

101 2115 220 2177 Aestate
236 2133 283 2176 me
298 2113 434 2184 lacessis3
450 2132 518 2175 cum
532 2113 637 2175 bruma
652 2121 713 2185 est,
729 2113 810 2176 siles.

100 2198 176 2260 llori
191 2205 373 2259 contractam
387 2216 455 2259 cum
469 2205 499 2258 te
514 2204 624 2276 cogunt
637 2199 758 2276 frigora,

29 2358 32 2364 Ι
100 2282 147 2342 Me
161 2285 281 2361 copiosa
295 2284 403 2361 recipit
418 2282 595 2343 incolumem
610 2282 724 2343 domus.

101 2366 180 2427 Satis
194 2365 328 2445 profecto
342 2366 455 2425 rettudi
469 2365 648 2444 superbiam.

142 2448 264 2510 Fabella
278 2448 346 2510 talis
360 2449 512 2509 hominum
526 2448 669 2508 discernit
682 2455 766 2510 notas

100 2532 226 2603 Eorum,
242 2535 294 2611 qui
309 2550 341 2594 se
356 2532 440 2593 falsis
454 2538 560 2592 ornant
575 2531 723 2602 laudibus

101 2614 138 2676 llt
152 2633 279 2696 quorum
293 2616 388 2676 virtus
402 2606 525 2675 elhibet
538 2615 665 2676 solidum
681 2616 778 2676 decus.

430 2764 619 2858 unsrun
640 2765 733 2825 xxv.

506 2863 657 2916 Pomm.

142 2947 290 3019 Quantum
303 2947 437 3010 valerent
450 2950 531 3009 inter
544 2947 680 3010 homines
694 2947 822 3019 litterae,

99 3031 168 3094 Dixi
184 3031 335 3110 superius:
358 3037 485 3109 quantus
498 3048 578 3091 nunc
592 3031 653 3090 illis
666 3030 760 3091 honos

100 3117 125 3176 Α
139 3117 257 3194 superis
271 3116 311 3174 sit
324 3112 468 3183 tributus,
484 3113 600 3174 tradam
614 3115 786 3174 memorias.

144 3196 313 3258 Simonides
326 3197 407 3257 idem
421 3198 487 3268 ille,
504 3196 540 3257 de
555 3214 614 3276 quo
628 3197 740 3266 rettuli,

100 3283 215 3342 Victori
229 3280 346 3342 laudem
361 3282 476 3342 cuidam
490 3286 593 3360 pyctae
608 3286 642 3341 ut
656 3278 813 3352 scriberet,

101 3365 191 3427 Certo
206 3364 369 3425 conductus
382 3367 481 3443 pretio
496 3370 643 3424 secretum
657 3367 743 3443 petit.

100 3448 215 3526 Exigua
229 3464 296 3509 cum
310 3448 444 3508 frenaret
456 3449 582 3509 materia
596 3450 739 3530 inpetum,
