2346 3840
101 224 129 272 ‘x
307 178 633 268 normanorum
646 212 694 267 nn
708 211 875 270 scamus.

104 361 270 440 Exemptus
291 368 337 421 est
356 360 428 421 huic
449 361 509 438 legi
529 379 634 422 versus
657 363 857 441 antiquissimi
871 370 978 441 poetae
993 364 1069 425 Enni

105 449 158 524 qui
172 447 284 523 legitur
299 448 331 505 in
347 444 463 522 epilogo
477 444 496 504 l.
514 444 556 504 ΙΙΙ
572 441 655 526 [34].

105 612 116 672 l
138 621 150 673 t
170 531 300 674 iCtpcsura
319 528 406 605 longe
426 530 668 607 frequentissima
686 538 730 590 est
749 531 1001 610 penthemimeres
1021 551 1070 592 ve-

114 632 137 683 ,11
211 660 346 777 besopus
361 706 465 759 auctor
483 693 490 781 l
508 716 597 776 quam
612 700 769 758 materiam
784 701 908 778 reperit.

105 797 187 868 Quae
206 800 235 859 si
256 817 316 862 non
337 799 435 868 adest,
461 798 736 877 bephthemimeres
755 799 916 860 adhibetur
936 818 1004 860 cum
1023 803 1069 861 in·

63 936 65 940 ,
105 885 220 943 cisione
241 890 310 962 post
331 883 494 944 secundum
513 884 637 962 pedem:

211 967 290 1045 quod
306 966 431 1027 arbores
450 962 457 1046 l
473 967 634 1045 loquantur
653 962 658 1048 Ι
677 985 736 1026 non
751 973 868 1035 tantum
882 968 975 1028 serae.

106 1067 187 1128 flacc
201 1073 301 1147 potest
315 1067 434 1145 neglegi
450 1068 475 1127 si
493 1065 557 1126 bini
572 1073 640 1146 post
654 1067 815 1127 secundam
825 1068 925 1128 thesin
936 1068 1070 1129 trochaei

106 1169 165 1211 uno
181 1153 389 1212 contineantur
406 1149 564 1211 vocabulo:

258 1253 326 1295 cum
339 1236 456 1295 tristem
472 1236 645 1295 servitutem
659 1235 769 1296 llerent
782 1236 883 1296 Attici.

105 1333 230 1397 Restant
250 1335 309 1395 duo
329 1353 434 1397 versus
453 1337 505 1415 qui
527 1354 680 1396 caesuram
699 1335 811 1396 habent
831 1342 899 1415 post
917 1338 1071 1417 praeposi·

106 1423 219 1481 tionem
233 1418 319 1480 verbi
335 1421 493 1498 compositi
511 1416 579 1499 ΠΗ,
598 1415 653 1489 15,
669 1415 699 1480 6.
729 1419 762 1490 V,
779 1417 808 1489 7,
826 1417 880 1501 19]

232 1505 392 1564 novissime
409 1499 413 1584 Ι
430 1503 598 1584 prolapsam
614 1499 752 1585 ellfundit
772 1507 931 1566 sarcinam.

233 1590 299 1667 ipso
314 1588 452 1667 ludorum
468 1583 648 1669 csltenderet
663 1605 729 1647 sese
746 1587 806 1652 die.

170 1688 327 1765 Synizesr's
341 1690 464 1749 ticentt'u
472 1689 654 1764 permodica
668 1686 746 1766 apud
761 1687 929 1748 Phaedrum
943 1693 1000 1749 nec'
1015 1690 1071 1750 alia

107 1790 196 1853 qnam
221 1773 400 1850 optimorum
429 1790 466 1832 ex
494 1770 679 1849 aequalibus.
731 1771 776 1830 Ad
801 1771 952 1841 elisionis,
983 1792 1071 1852 quarn

107 1873 214 1933 magna
234 1873 302 1915 cum
321 1873 393 1915 cura
413 1855 550 1915 adhibuit
564 1855 658 1924 idem,
679 1854 814 1933 exempla
832 1855 994 1916 minuenda
1009 1858 1071 1935 pri·

107 1958 188 2016 mum
209 1938 369 2016 diligenter
389 1946 436 2000 est
455 1939 672 1999 observandum
690 1939 800 2014 ubique
813 1941 900 2014 apud
911 1956 978 2000 cum
994 1943 1073 1999 sicut

107 2023 186 2101 apud
201 2023 333 2101 reliquos
352 2030 456 2101 poetas
470 2022 592 2084 Latinos
613 2023 699 2083 uerbi
712 2025 877 2084 auxiliares
892 2024 970 2083 ‘est’
986 2029 1071 2084 trun·

106 2109 178 2168 cari
189 2109 290 2168 vocula·
305 2109 352 2168 net
371 2123 400 2166 m
418 2124 552 2168 consona
564 2107 767 2180 praecedente
775 2109 911 2181 primum
923 2109 1072 2167 litteram:

234 2189 307 2250 haec
322 2197 446 2269 propter
461 2190 529 2250 illos
543 2191 684 2266 scriptast
697 2188 833 2249 homines
846 2188 957 2250 fabula.

236 2291 253 2332 a
267 2273 424 2333 corcodilis
437 2291 476 2332 ne
491 2275 646 2351 rapiantur
662 2273 841 2359 traditumst.

106 2373 256 2453 Exceptus
276 2379 322 2433 est
336 2373 509 2451 appendicis
524 2391 550 2433 c.
567 2372 618 2433 XV
632 2391 660 2434 v.
677 2369 730 2443 12,
747 2374 852 2452 inv-quo
865 2381 989 2452 propter
1005 2393 1071 2434 cae·

108 2477 208 2520 suram
229 2457 334 2535 copula
355 2475 415 2517 non
435 2457 598 2518 mutilatur.
641 2457 807 2516 Praeterea
828 2459 976 2518 nonlicet
1001 2461 1075 2519 elidi

107 2542 237 2601 iambica
252 2549 394 2616 sequente
413 2542 497 2601 hreni
520 2557 575 2601 nec
593 2543 692 2614 ’καρίς
710 2543 854 2616 copulari
876 2542 981 2601 eudem
1005 2559 1073 2602 cum

108 2633 202 2686 acuta
217 2631 337 2702 praeter
351 2626 533 2702 inperativos
546 2624 689 2703 quosdam
704 2631 738 2685 ut
752 2631 822 2703 puta
834 2624 888 2685 hos
902 2623 968 2704 [lll,
981 2623 1010 2695 7,
1023 2623 1071 2686 15.

108 2708 141 2779 V,
154 2705 188 2778 9,
200 2705 232 2767 4.
263 2703 399 2787 app.21,
413 2705 467 2787 10]
491 2710 559 2768 reni
575 2726 660 2785 ergo,
682 2715 747 2768 tace
762 2710 876 2787 inquit,
899 2727 952 2768 ave
967 2727 1072 2788 usque.

108 2791 244 2870 Denique
264 2794 296 2852 in
316 2794 413 2870 prima
438 2792 516 2852 thesi
540 2791 697 2870 aliquando
717 2791 857 2852 elisiones
876 2794 1006 2852 inveniri
1029 2799 1074 2853 sat

109 2882 239 2944 constat.
265 2882 295 2936 at
321 2877 440 2935 eusdem
460 2879 492 2935 in
516 2877 621 2935 ultimo
642 2878 709 2935 urst
726 2892 898 2950 numquam.
935 2877 1074 2936 Ceterum

109 2959 196 3038 plura
218 2959 255 3019 de
278 2959 439 3036 iungendis
460 2958 611 3019 vocalibus
631 2959 761 3019 Phaedri
786 2959 895 3037 placita
920 2963 970 3038 qui
997 2961 1075 3019 volet

110 3060 301 3120 cognoscere,
315 3043 396 3119 legat
406 3061 481 3122 quae
493 3046 524 3103 in
536 3041 613 3103 libro
624 3051 727 3104 nostro
738 3060 787 3122 pg.
796 3039 858 3103 427
871 3046 1072 3122 reperiuntur.

173 3128 284 3187 Hiatus
313 3132 366 3188 aut
393 3129 611 3202 productiones
638 3129 771 3188 brevium
800 3144 820 3186 a
845 3129 987 3188 Phaedro
1011 3144 1075 3188 esse

111 3213 213 3271 ottenu
232 3217 281 3271 sat
299 3217 432 3284 constat,
457 3219 581 3290 excepto
602 3212 681 3290 quod
701 3211 751 3270 ille
774 3211 934 3289 dactylicos
955 3218 1074 3272 secutus

112 3313 201 3374 saepe
227 3295 362 3373 porrexit
387 3297 418 3354 in
442 3294 550 3355 mediis
574 3295 675 3355 verbis
700 3302 853 3373 correptas
874 3304 942 3356 ante
963 3303 1074 3355 mutam

113 3397 180 3439 cum
195 3378 317 3456 liquida.
363 3379 471 3439 Contra
493 3379 620 3439 notanda
641 3378 702 3439 ‘ibi
717 3382 815 3439 stans’
838 3380 911 3456 ‘ego
926 3379 1073 3459 scalpam'

102 3459 233 3534 [111,3,
252 3458 303 3522 14.
334 3481 402 3542 app.
419 3458 453 3533 9,
472 3460 526 3542 12]
548 3462 680 3524 breviata
697 3463 836 3525 secunda.
931 3547 934 3551 ¹
