2346 3840
499 224 608 280 LIBER
628 226 675 284 IV.

379 472 383 477 ’
455 458 646 519 FABVLA
668 461 721 521 XI.

362 588 461 646 ΠΒ
488 589 547 641 ΕΤ
574 586 813 646 ΙΝΟΕΒΝΑ.
832 587 928 640 κ’·

147 723 313 786 Lucernam
328 724 377 785 lur
392 727 529 786 accendit
543 745 580 787 ex
595 745 645 788 ara
660 728 736 788 lovis

104 806 263 888 Ipsumque
278 807 438 888 conpilavit
452 809 489 870 ad
504 810 606 871 lumen
620 829 716 872 snum.

104 889 163 961 Qui
178 893 335 971 sacrilegio
351 900 474 954 onustus
489 911 557 954 cum
572 894 751 965 discederet,

103 975 238 1055 Repente
253 994 356 1037 vocem
370 984 471 1038 sancta
485 979 568 1038 misit
581 977 713 1056 Religio:

104 1059 247 1121 llalorum
262 1063 396 1141 quamvis
411 1062 469 1122 ista
483 1063 597 1123 luerint
611 1081 736 1124 munera

104 1143 236 1223 Mihique
250 1146 360 1215 invisa,
376 1152 483 1205 utnon
498 1145 630 1206 offendar
645 1147 772 1226 subripi,

104 1228 233 1299 Tamen,
248 1227 388 1297 sceleste,
405 1230 515 1308 spiritu
529 1230 647 1308 culpam
661 1229 735 1300 lues,
774 1260 778 1270 ·

105 1311 183 1373 Olim
198 1329 265 1373 cum
281 1313 449 1392 adscriptus
463 1316 580 1374 venerit
594 1332 707 1393 poenae
722 1315 797 1376 dies.

106 1396 165 1464 Sed
180 1415 218 1456 ne
233 1399 312 1475 ignis
326 1404 429 1457 noster
443 1398 568 1458 facinori
583 1399 762 1475 praeluceat,

104 1479 163 1541 Per
176 1498 265 1561 quem
279 1479 424 1541 verendos
439 1481 548 1541 excolit
561 1483 657 1560 pietas
672 1482 753 1553 deos,
838 1554 841 1558 ⁴

104 1564 178 1625 Veto
192 1582 256 1626 esse
267 1564 325 1625 tale
340 1565 461 1625 luminis
477 1567 698 1626 commercium.

104 1647 149 1709 lta
162 1647 251 1708 hodie
265 1666 322 1709 nce
336 1646 490 1709 lucernam
505 1648 541 1709 de
556 1648 673 1710 damma
688 1649 776 1712 deum

104 1731 167 1792 Nec
181 1731 355 1793 delucerna
369 1733 414 1794 las
429 1740 475 1794 est
489 1733 611 1794 accendi
627 1751 754 1795 sacrum.

146 1814 223 1886 Quot
237 1833 287 1877 res
302 1818 452 1878 contineat
466 1817 522 1878 hoc
538 1825 744 1895 argumentum
758 1818 857 1889 utiles,

104 1899 170 1962 Non
185 1899 347 1979 explicabit
360 1900 450 1971 alius,
466 1919 554 1980 quam
570 1904 622 1980 qui
637 1905 782 1980 repperit.

105 1984 258 2060 Significat
272 1986 370 2062 primo
385 2002 489 2063 saepe,
505 2002 580 2062 quos
594 1987 659 2063 ipse
675 1985 795 2055 alueris,

103 2066 174 2128 Tibi
189 2069 318 2128 inveniri
336 2069 463 2128 maxime
481 2071 660 2139 contrarios;

104 2150 241 2212 Secundo
255 2150 385 2212 ostendit
399 2152 512 2212 scelera
526 2171 586 2212 non
601 2154 646 2212 ira
661 2152 759 2224 deum,

104 2235 246 2297 Fatorum
260 2233 340 2296 dieto
355 2235 407 2296 sed
421 2237 523 2315 puniri
538 2242 689 2314 tenrporo;

103 2318 271 2380 Novissime
285 2319 453 2390 interdicit,
469 2338 507 2380 ne
522 2338 590 2380 cum
604 2321 738 2381 malefico

103 2405 194 2464 Vsum
208 2402 307 2465 bonus
320 2405 471 2464 consociet
485 2401 576 2463 ullius
591 2407 647 2462 rei.

446 2621 638 2681 FABVLA
659 2622 727 2682 XII.

341 2752 487 2805 mma
502 2751 605 2803 ESSE·
622 2752 825 2806 DIVI'I'IAS.

145 2889 224 2970 Opes
237 2889 350 2952 invisae
364 2892 473 2951 merito
488 2896 558 2950 sunt
571 2888 644 2950 lorti
658 2893 732 2959 viro,

101 2971 177 3044 Quia
192 2975 275 3035 dives
289 2992 359 3036 arca
373 2991 473 3034 veram
488 2974 606 3033 laudern
621 2975 785 3052 intercipit.

144 3057 233 3120 Caelo
247 3063 387 3136 receptus
401 3062 524 3135 propter
538 3057 682 3116 virtutem
696 3054 841 3117 Hercules

102 3141 177 3205 Cum
191 3142 373 3219 gratulantes
388 3140 601 3220 persalutasset
615 3139 695 3208 deos,

101 3224 246 3287 Veniente
260 3224 361 3295 Pluto,
377 3226 428 3304 qui
444 3223 592 3285 Fortunae
608 3230 654 3284 cst
668 3224 756 3294 filius,
837 3289 839 3295 ,

100 3309 218 3372 Avertit
231 3309 341 3370 oculos.
367 3308 495 3370 *Causam
510 3309 657 3387 quaesivit
670 3316 765 3386 pater.

101 3393 174 3463 Odi,
190 3394 303 3472 inquit,
320 3392 418 3464 illum,
435 3393 506 3471 quia
520 3393 607 3458 malis
622 3393 735 3452 amicus
749 3398 795 3453 est

101 3475 256 3557 Simulque
271 3475 387 3538 obiecto
403 3482 509 3538 cuncta
524 3478 692 3558 corrumpit
703 3475 806 3537 lucro.
