2346 3840
373 194 376 199 ’
465 207 573 264 unaue
594 208 615 262 r.

405 354 597 415 naevus
622 356 679 414 ru.
818 428 823 437 ,

205 453 428 506 GRAGVLVS
447 451 666 503 SVPERBVS
683 452 738 502 ΕΤ
756 451 882 505 PAVO·

103 539 148 600 Ne
162 538 284 618 gloriari
298 537 392 599 libeat
407 539 513 606 alienis
532 537 620 597 bonis

62 623 179 702 Suoque
195 625 293 703 potius
308 621 413 683 habitu
428 626 519 682 vitam
534 621 652 698 degere,

61 708 193 786 Aesopus
208 706 365 768 nobishoc
381 706 548 785 exemplum
562 705 705 784 prodidit.
771 734 775 740 ·

26 822 29 826 ·
103 790 234 851 Tumens
247 790 329 850 inani
343 789 481 865 graculus
497 788 646 868 superbia,

60 873 177 934 Pennas
190 875 298 952 pavoni
312 891 388 951 quae
404 872 578 932 deciderant
591 871 709 932 sustulit

61 956 158 1036 Seque
174 958 338 1018 exornavit.
368 955 482 1016 Deinde
498 962 690 1015 contemnens
705 972 774 1015 suos

61 1039 99 1100 Se
115 1041 265 1102 inmiscuit
279 1057 424 1119 pavonum
438 1040 568 1100 formoso
583 1040 678 1116 gregi.

59 1123 107 1183 lili
121 1123 277 1202 inpudenti
291 1141 405 1202 pennas
420 1125 552 1201 eripiunt
567 1125 613 1182 avi

61 1206 234 1286 Fugantque
248 1209 364 1267 rostris.
394 1205 469 1267 Male
483 1205 629 1266 mulcatus
644 1204 783 1282 graculus

59 1289 169 1350 Redire
185 1308 321 1351 maerens
336 1292 434 1368 coepit
449 1290 485 1350 ad
499 1291 655 1368 proprium
671 1305 780 1366 genus;
988 1295 1020 1344 10

36 1435 38 1440 ,
60 1373 83 1433 Α
99 1392 157 1453 quo
170 1375 308 1452 repulsus
321 1376 439 1434 tristem
454 1374 594 1434 sustinuit
608 1379 717 1434 notam.

60 1456 136 1516 Tum
150 1456 269 1536 quidam
285 1456 410 1525 exiliis,
427 1458 598 1535 quosprius
613 1457 804 1536 despexerat·

59 1540 221 1601 Contentus
235 1541 345 1600 nostris
359 1542 386 1600 si
400 1540 511 1600 fuisses
525 1538 646 1600 sedibus

58 1621 96 1683 Et
110 1623 188 1703 quod
203 1631 309 1685 natura
324 1623 448 1684 dederat
462 1622 604 1684 voluisses
618 1624 689 1699 pati,

58 1706 120 1767 Nec
135 1706 216 1768 illam
230 1689 371 1787 expertus
386 1723 467 1769 esses
481 1707 690 1767 contumeliam

57 1790 119 1851 Nec
134 1791 210 1851 hanc
225 1791 375 1870 repulsam
391 1799 440 1853 tua
456 1792 582 1851 sentiret
595 1791 759 1851 calamitas.

401 1940 594 2000 FABVLA
618 1941 673 1999 IV.

119 2035 246 2087 CANIS
262 2036 349 2087 PE'R
365 2035 565 2087 nhvvwnu
583 2035 763 2088 CARNEM
779 2037 954 2088 FERENS.

98 2121 215 2181 Amittit
230 2123 337 2182 merito
352 2123 508 2201 proprium
524 2123 575 2200 qui
592 2121 721 2182 alienum
737 2122 858 2200 adpetit.

13 2247 15 2251 ψ
57 2206 145 2266 Canis
159 2222 214 2283 per
229 2204 339 2266 ilumen
354 2224 474 2266 carnem
490 2205 560 2266 dum
574 2206 670 2266 ierret
683 2212 798 2275 natans,

55 2288 255 2368 Lympharum
270 2291 302 2351 in
317 2290 437 2369 speculo
450 2290 525 2350 vidit
540 2290 731 2350 simulacrum
745 2308 840 2357 suum,

56 2372 209 2451 Aliamque
224 2373 365 2450 praedam
381 2372 417 2432 ab
434 2373 527 2432 altero
541 2374 616 2432 ferri
630 2380 737 2451 putans

56 2455 182 2541 Eripere
197 2457 304 2517 voluit:
327 2474 431 2516 verum
447 2456 570 2534 decepta
586 2456 710 2516 aviditas

55 2537 93 2599 Et
108 2558 197 2618 quem
212 2539 334 2600 tenebat
348 2558 399 2601 ore
415 2540 528 2600 (limisit
541 2539 650 2609 cibum,

56 2622 118 2683 Nec
133 2640 221 2701 quem
236 2622 357 2700 petebat
371 2626 470 2701 potuit
484 2624 557 2683 adeo
571 2625 737 2705 adtingere
818 2640 819 2643 ¹

407 2757 600 2816 FABVLA
625 2756 664 2814 V.

195 2855 350 2916 VAOOA,
369 2853 577 2916 cmm,
595 2852 693 2905 OVIS
709 2854 764 2906 ET
781 2852 875 2908 LEO.

97 2937 265 3018 Numquam
280 2946 325 3000 est
341 2939 438 3000 fidelis
453 2957 520 2999 cum
536 2946 656 3017 potente
671 2940 812 2999 societas:

55 3021 195 3083 Testatur
209 3022 284 3082 haec
298 3022 406 3082 labella
421 3024 606 3100 propositum
619 3040 728 3082 meum.

99 3107 192 3166 Vacca
207 3113 236 3166 et
250 3105 362 3185 capella
379 3112 409 3166 et
421 3108 539 3185 patiens
554 3108 617 3166 ovis
631 3107 760 3166 iniuriae

56 3188 136 3248 Socii
152 3190 235 3250 luere
251 3208 318 3249 cum
334 3190 418 3250 leone
433 3192 465 3250 in
480 3189 615 3252 saltibus.

55 3273 93 3332 Hi
107 3289 175 3331 cum
191 3275 338 3352 cepissent
353 3292 473 3334 cervum
487 3277 561 3335 vasti
577 3277 720 3352 corporis,

56 3356 107 3416 Sic
123 3362 168 3416 est
182 3355 297 3417 locutus
312 3357 447 3436 partibus
461 3357 549 3418 iactis
564 3356 626 3418 leo:

54 3439 118 3517 Ego
132 3440 261 3518 primam
275 3440 361 3511 tollo,
377 3443 515 3502 nominor
528 3443 668 3522 quoniam
681 3442 745 3514 ieo;

777 3535 828 3597 Vis
