2346 3840
133 183 175 251 58
416 190 577 247 PHAEDRI
596 188 820 247 FABVLARVM

135 341 296 411 Quaestum
311 340 445 410 deterre,
462 339 558 400 stabat
571 347 674 419 portae
690 341 723 400 in
737 339 852 402 limine.

134 425 222 487 lllum
236 425 353 504 puellae
368 442 440 486 casu
454 424 623 484 conducunt
637 441 717 494 suae,

134 508 205 569 Viae
220 507 339 569 labores
353 515 474 569 teneros
489 526 526 569 ne
541 508 660 568 laedant
674 507 775 587 pedes.

134 592 268 672 Repente
283 594 412 663 caelum,
427 592 553 652 Veneris
568 591 782 660 misericordia,

134 677 239 736 Ventis
252 683 401 746 movetur,
418 678 533 736 intonat
547 674 651 735 muudi
666 676 765 752 lragor

135 759 317 839 Noctemque
333 760 433 820 densis
447 759 599 819 horridam
614 757 725 819 nimbis
739 765 840 836 parat:

135 844 198 905 Lux
213 845 329 923 rapitur
343 843 436 905 oculis
451 850 481 904 et
496 842 585 904 simul
600 844 646 902 ris
659 842 814 919 grandinis

135 927 234 988 Eliusa
249 927 382 1004 trepidos
396 929 508 1006 passim
522 928 646 986 comites
661 926 795 1004 dissipat,

136 1009 201 1072 Sibi
217 1028 364 1090 quemque
380 1028 488 1088 cogens
502 1019 605 1089 petere
620 1009 802 1089 praesidium
816 1009 897 1086 iuga.

14 1120 16 1127 ·
134 1094 249 1155 Asellus
263 1101 367 1155 notum
381 1095 549 1173 proximum
564 1100 675 1154 tectum
690 1092 772 1155 subit

135 1179 174 1238 Et
188 1196 259 1239 voce
273 1195 379 1255 magna
395 1195 460 1238 sese
475 1180 592 1239 venisse
608 1178 730 1238 indicat.
807 1221 811 1224 -

134 1263 321 1322 Procurrunt
335 1263 437 1340 pueri,
453 1261 607 1341 pulchram
622 1262 772 1340 aspiciunt
789 1261 935 1338 virginem

135 1346 174 1406 Et
187 1345 384 1406 admirantur:
408 1345 515 1405 deiude
531 1345 649 1405 domiuo
664 1346 812 1405 nuntiant.

135 1429 217 1490 Inter
232 1428 348 1490 sodales
362 1429 413 1490 ille
428 1447 538 1509 paucos
554 1428 701 1489 accubans

136 1516 274 1576 Amorem
289 1511 405 1574 crebris
421 1512 562 1574 avocabat
575 1514 701 1593 poculis.

135 1597 191 1657 Vbi
207 1599 374 1657 nuntiatum
389 1604 450 1667 est,
467 1605 620 1658 recreatus
634 1596 751 1675 gaudiis

136 1680 281 1741 Hortante
296 1680 413 1741 Baccho
429 1687 460 1740 et
473 1681 602 1750 Venere,
619 1681 721 1741 dulces
736 1680 854 1759 perlicit

35 1843 37 1846 y
136 1763 331 1843 Aequalitatis
346 1765 425 1823 inter
439 1764 561 1842 plausus
575 1766 704 1842 nuptias.

135 1847 290 1917 Quaerunt
302 1854 443 1925 parentes
456 1865 511 1926 per
524 1865 704 1927 praeconem
717 1847 825 1918 liliam;

136 1930 236 1991 Novus
250 1932 376 1991 maritus
389 1932 515 2008 coniuge
530 1933 639 1993 amissa
654 1932 743 1992 dolet.

135 2013 214 2084 Quid
229 2021 308 2075 esset
322 2024 420 2075 actum
434 2023 590 2095 postquam
604 2015 713 2095 populo
728 2016 867 2085 innotuit,

136 2098 247 2159 Omnes
261 2099 393 2160 favorem
409 2099 631 2178 conprobarnnt
646 2099 795 2162 caelitum.

477 2249 669 2310 FABVLA
690 2249 755 2309 XV.

386 2347 576 2399 Amsopvs
592 2348 648 2399 ΕΤ
666 2347 848 2401 Domo.

347 2427 437 2493 Quem
453 2429 554 2484 noceat
570 2445 654 2498 saepe
672 2445 770 2484 verum
787 2428 888 2484 dicere.
997 2425 999 2428 ’

179 2514 312 2594 Aesopus
327 2518 409 2594 turpi
424 2535 492 2576 curn
507 2519 634 2577 serviret
648 2517 786 2587 feminae,

136 2597 217 2667 Quae
232 2617 264 2658 se
281 2600 466 2678 expingendo
481 2607 575 2661 totum
588 2602 745 2661 intricaret
760 2600 848 2668 diem,

136 2681 269 2751 Vestem,
286 2685 426 2753 uniones,
443 2703 562 2755 aurum,
584 2691 739 2762 argentum
754 2688 894 2753 sumeret,

137 2763 199 2825 Nec
214 2767 364 2826 inveniret
378 2766 471 2843 digito
486 2771 538 2846 qui
554 2786 585 2827 se
600 2775 751 2844 tangeret:

136 2849 258 2910 Licetne
273 2851 392 2929 paucis,
408 2851 522 2930 inquit?
551 2850 647 2910 Dicas.
678 2851 802 2921 Censeo,

136 2932 260 3002 Quidvis
273 2935 401 3004 ellicies,
417 2934 528 2994 cultum
543 2935 568 2994 si
584 2934 766 3012 deposueris.

136 3017 256 3077 Adeone
270 3018 373 3078 videor
387 3017 443 3078 tibi
457 3037 512 3098 per
526 3036 573 3078 me
587 3018 776 3080 meliusculal

136 3100 244 3170 Immo,
261 3103 293 3161 ni
311 3101 443 3171 dederis,
459 3102 572 3180 sponda
587 3101 717 3163 cessabit
733 3109 793 3162 tua.

137 3185 175 3244 At
189 3202 249 3244 non
260 3184 423 3245 cessabunt
437 3185 543 3256 latera,
560 3186 728 3266 respondit,
745 3192 804 3255 tua,

136 3267 176 3329 Et
190 3266 342 3344 obiurgari
357 3271 443 3329 iussit
459 3287 577 3330 servum
591 3270 755 3347 garrulum.

41 3366 57 3386 r
133 3351 208 3410 Post
217 3351 320 3430 paullo
336 3352 479 3413 armillam
495 3353 573 3414 tollit
587 3355 636 3413 lur
651 3359 833 3430 argenteam.

122 3429 221 3499 Quam
236 3453 299 3496 non
315 3454 464 3518 apparere
480 3443 574 3500 estut
589 3437 702 3497 dictum
714 3434 846 3505 mulieri,
