2346 3840
464 189 573 244 LIBER
591 189 627 246 V.

65 337 103 398 vt
116 346 317 418 spectatorum
332 357 396 399 mos
411 344 470 407 est,
487 338 517 398 id
536 338 670 416 lepidum
684 355 778 415 genus

64 421 243 483 Desiderare
259 425 372 501 coepit,
389 423 473 482 cuius
488 420 610 481 flatibus

66 506 187 566 Solebat
201 509 326 568 excitari
340 507 474 566 saltantis
488 507 581 581 vigor.

107 590 180 650 Erat
194 592 327 650 facturus
340 588 425 650 ludos
439 589 560 667 quidam
575 587 695 649 nobilis.

64 675 103 733 Vt
117 673 282 750 incipiebat
297 671 415 747 ingredi
429 671 587 750 Princeps,
604 691 674 732 eum

65 756 195 816 Adducit
208 757 305 831 pretio
320 752 477 831 precibus,
493 760 527 812 ut
540 755 743 816 tautummodo

66 838 135 914 lpso
149 835 286 895 ludorum
302 836 472 895 ostenderet
485 854 550 896 sese
567 836 627 896 die.

67 919 124 988 Qui
140 919 228 980 simul
243 919 374 990 advenit,
390 937 493 981 rumor
508 920 544 980 de
559 919 686 981 tibicine

66 1004 181 1064 Fremit
194 1005 225 1064 in
240 1005 366 1064 theatro.
396 1002 523 1074 Quidam
537 1005 693 1066 adfirmant
708 1013 867 1077 mortuum,

66 1087 193 1156 Quidam
206 1090 239 1147 in
255 1095 447 1166 conspectum
460 1088 650 1167 proditurum
666 1092 731 1150 sine
745 1107 840 1150 mora.

66 1171 177 1232 Aulaeo
191 1174 298 1242 misso,
315 1172 461 1233 devolutis
475 1171 636 1233 tonitribus

65 1256 102 1315 Di
117 1263 186 1316 sunt
200 1255 292 1317 locuti
306 1274 389 1316 more
403 1256 597 1318 translaticio.

65 1339 150 1399 Tunc
165 1339 274 1401 chorus
288 1342 423 1418 ignotum
437 1341 523 1400 modo
538 1342 663 1402 reducto
678 1343 826 1403 cauticum

65 1424 214 1494 Insonuit,
230 1424 316 1484 cuius
330 1423 403 1484 haec
417 1425 476 1485 t'uit
490 1427 652 1484 sententia:
858 1494 860 1499 Α

65 1508 229 1579 „Laetare
245 1507 403 1568 incolumis
417 1506 523 1577 Roma,
540 1507 619 1567 salvo
634 1507 815 1588 Principel“

65 1592 99 1652 ln
113 1591 233 1670 plausus
248 1598 472 1652 consurrectum
487 1597 542 1652 est.
572 1590 665 1652 lactat
680 1591 764 1654 basia

65 1675 208 1747 Tibicen;
223 1675 367 1752 gratrdari
381 1676 514 1737 lautores
528 1683 623 1755 putat.

66 1760 213 1838 Equester
227 1759 300 1819 ordo
315 1761 438 1820 stultum
454 1778 588 1821 errorem
602 1760 751 1839 intellegit

65 1843 231 1923 Magnoque
246 1845 309 1903 risu
324 1847 472 1903 canticum
487 1847 582 1922 repeti
598 1843 693 1905 iubet.

65 1927 195 1987 Iteratur
210 1926 293 1986 illud.
323 1925 417 1987 Homo
431 1945 516 1987 meus
531 1945 563 1986 se
578 1928 610 1986 in
624 1926 740 2007 pulpito

66 2010 176 2071 Totum
190 2011 360 2088 prosternit.
390 2009 507 2071 Plaudit
521 2009 660 2070 inludens
675 2029 776 2090 eques.

65 2094 180 2171 Rogare
196 2093 323 2173 populus
335 2093 415 2154 huuc
433 2112 573 2155 coronam
588 2096 749 2157 existimat.

65 2179 103 2238 Vt
118 2195 188 2238 vero
204 2179 307 2238 cuneis
321 2181 418 2238 notuit
431 2197 481 2238 res
496 2177 643 2249 omnibus,

64 2262 223 2340 Princeps,
239 2261 330 2338 ligato
343 2280 430 2323 crure
445 2266 531 2322 nivea
546 2264 647 2333 fascia,

66 2346 226 2424 Niveisque
241 2346 365 2414 tuniciS,
381 2347 476 2405 niveis
491 2347 581 2405 etiam
595 2347 711 2416 calceis,

67 2428 251 2508 Superbiens
264 2428 377 2489 honore
393 2429 509 2489 divinae
525 2422 638 2499 domus,

66 2512 110 2572 Ab
126 2514 274 2574 universis
288 2515 385 2591 capite
401 2519 447 2573 est
460 2519 617 2591 protrusus
635 2514 724 2576 foras.

395 2697 589 2758 FABVLA
610 2698 695 2759 VHI.

456 2811 636 2864 OEEMPVS.

108 2933 203 2994 Cursu
217 2932 345 3001 volucri,
361 2931 495 3010 pendens
509 2934 542 2992 in
557 2933 708 3003 novacula,

65 3016 185 3085 Calvus,
202 3033 320 3075 comosa
334 3015 447 3085 lroute,
463 3014 542 3075 nudo
557 3017 705 3094 occipitio,

66 3097 171 3177 (Quem
186 3101 212 3160 si
227 3100 397 3177 occuparis,
413 3106 531 3168 teneas;
547 3099 682 3178 elapsum
696 3099 789 3162 semel

64 3184 131 3245 Non
146 3185 211 3260 ipse
225 3185 319 3262 possit
332 3182 467 3262 luppiter
481 3181 725 3263 reprehendero)

64 3267 260 3329 Occasionem
274 3285 375 3326 rerum
391 3269 537 3344 siguificat
551 3266 682 3328 brevem.

106 3349 237 3411 Effectus
252 3351 402 3429 inpediret
416 3369 454 3412 ne
470 3353 570 3428 segnis
585 3369 678 3421 mora,

63 3435 194 3496 Finxere
211 3435 323 3514 antiqui
338 3435 427 3495 talem
442 3436 572 3513 effigiem
586 3435 758 3516 Temporis.

115 3547 269 3587 sunnonis.
830 3530 858 3591 δι

852 3615 864 3633 ,
904 3609 915 3625 .
