2346 3840
23 1058 24 1062 ,
109 1011 193 1064 Mart.
211 1013 306 1078 Epigr.
325 1011 382 1073 111,
401 1014 446 1074 20,
465 1013 495 1063 ht
561 1069 563 1072 Α

175 1079 218 1131 An
236 1078 392 1130 aemulatur
407 1078 517 1145 inprobi
533 1079 611 1130 ioeos
628 1077 768 1130 Phaedri?

108 1213 232 1265 Avienus
250 1211 370 1278 epistula
390 1211 426 1263 ud
443 1212 638 1264 Theodosium

175 1282 277 1331 Verum
295 1278 345 1328 has
362 1294 412 1344 pro
430 1279 553 1345 exemplo
571 1279 683 1332 fabulas
700 1283 729 1332 et
741 1279 872 1332 Socrates
888 1279 991 1346 divinis
1003 1298 1068 1348 ope·

175 1348 252 1398 ribus
274 1345 375 1396 indidit
401 1349 430 1396 et
450 1347 587 1412 poematis
614 1348 674 1398 suis
697 1348 818 1399 Flaccus
845 1351 967 1415 optavit,
997 1348 1069 1413 quod

176 1415 206 1464 in
226 1429 258 1465 se
280 1413 330 1464 suh
348 1414 473 1463 iooorum
495 1416 676 1466 communium
694 1416 790 1482 speeie
809 1416 888 1467 vitae
906 1421 1069 1481 argumente

177 1482 347 1532 contineant.
371 1495 441 1544 ques
453 1479 568 1532 Graecis
585 1482 686 1534 iambis
697 1482 817 1534 Babrius
834 1488 963 1549 repetens
974 1483 1004 1532 in
1016 1483 1069 1532 duo

174 1548 315 1599 volumina
344 1548 491 1600 coartavit.
531 1548 674 1600 Phaedrus
703 1550 788 1600 etiam
813 1554 921 1615 partem
948 1549 1069 1614 aliquam

71 1656 75 1660 .
176 1615 295 1679 quinque
312 1615 343 1663 in
359 1613 471 1664 libellos
488 1615 611 1666 resolvit.

107 1747 347 1879 Idemhrffifrriahero
363 1815 489 1878 arbores,
509 1815 585 1868 feras
603 1831 665 1867 eum
680 1815 837 1868 hominihus
854 1831 965 1883 gemere
982 1821 1035 1871 ete.

174 1882 308 1947 Respexit
325 1881 392 1932 adl
415 1881 484 1947 prol.
503 1883 528 1936 6.

107 2013 372 2067 PrudentiusOsth.
391 2016 456 2076 VII,
476 2018 539 2066 1152

175 2082 240 2133 Alvi
257 2083 371 2148 eupaois
387 2086 467 2134 vivus
485 2083 611 2133 hauritur.
629 2098 724 2149 specu.

174 2149 310 2214 Respexit
326 2149 362 2200 ad
378 2149 426 2212 IV,
444 2150 473 2212 6,
494 2152 535 2201 10.

109 2282 219 2334 Titulus
231 2283 279 2348 qui
290 2283 394 2346 legitur
405 2283 477 2348 apud
492 2283 637 2335 Gruterum
656 2299 700 2349 pg.
712 2285 771 2347 898,
786 2287 833 2349 16,
850 2299 933 2336 versu
951 2285 1068 2349 quodam

176 2349 297 2400 Phaedri
309 2346 379 2417 [III,
393 2352 435 2413 17,
449 2346 494 2416 12]
509 2351 620 2400 celeber
638 2350 696 2414 ille,
716 2351 798 2402 valde
816 2356 961 2418 suspectus
980 2349 1068 2419 [conf.

175 2416 310 2468 Ritsohel.
328 2417 438 2468 Anthol.
456 2417 520 2467 Lat.
540 2417 641 2471 Ooroll.
660 2433 706 2483 pg.
726 2413 783 2484 13].
