2346 3840
155 203 198 270 50
436 208 598 263 PHAEDRI
619 208 843 266 FABVLARVM

504 408 694 469 FABVLA
715 409 768 470 IX.

409 515 580 567 'PAVRVS
596 515 652 566 E'I'
669 515 866 569 mvnvs,

199 621 329 695 Angusto
343 618 376 678 ln
391 617 474 678 aditu
487 624 592 678 taurus
606 615 722 677 luctans
736 617 878 678 cornibus

157 703 230 764 Cum
245 704 293 762 vix
308 703 420 762 intrare
435 706 537 780 posset
552 700 588 760 ad
602 703 769 780 praesepia,

155 784 338 847 Monstrabat
352 784 461 846 vitulus
475 802 534 864 quo
549 802 581 844 se
596 791 683 864 paeto
698 785 843 846 flecteret.

156 869 249 940 Tace,
266 871 377 949 iuquit,
394 876 461 930 ante
477 868 533 929 hoe
548 870 632 938 novi,
648 886 737 948 quam
751 876 785 930 tu
798 876 886 930 natus
901 887 946 932 es.

197 952 255 1023 Qui
271 954 432 1014 doctiorem
448 951 599 1020 emendat,
616 950 675 1011 sibi
691 951 751 1012 diei
766 960 861 1032 putet.

512 1120 704 1181 FABVLA
725 1122 762 1181 X.

340 1234 466 1288 cam
483 1234 539 1286 ΕΦ
556 1235 632 1286 SVS
647 1234 702 1287 ΠΨ
719 1235 935 1295 ἾΕΝΔΤΟΒ.

197 1338 346 1400 Adversus
360 1355 463 1398 omnes
476 1339 564 1397 fortis
577 1337 693 1397 veloces
707 1338 786 1399 seras

156 1424 243 1486 Canis
257 1440 325 1483 eum
340 1422 461 1482 domino
475 1438 593 1500 semper
607 1422 727 1482 leoisset
743 1424 823 1493 satis,

154 1508 310 1586 Languere
325 1508 424 1584 eoepit
438 1507 524 1567 annis
538 1505 772 1582 ingravantibus.

155 1591 320 1671 Aliquando
336 1589 472 1650 obieotus
485 1589 598 1669 hispidi
612 1607 729 1668 pugnae
745 1591 807 1650 suis

155 1676 294 1754 ddripuit
310 1691 427 1734 aurem:
452 1673 505 1733 sed
520 1675 644 1733 cariosis
660 1673 800 1735 dentibus

155 1759 298 1819 Praedam
313 1757 436 1818 dimisit.
466 1756 523 1816 llio
536 1762 607 1815 tuno
622 1763 744 1817 venator
759 1756 862 1818 dolens

156 1843 265 1903 Canem
280 1837 465 1917 obiurgabat.
496 1838 551 1900 Cui
564 1855 656 1900 senex
671 1846 774 1900 eontm
789 1841 903 1904 Lacon:

156 1926 222 1986 Non
236 1933 266 1986 te
281 1925 415 1986 destituit
430 1925 562 1993 animus,
578 1923 630 1984 sed
645 1925 724 1986 vires
738 1942 832 1985 meae.

155 2007 239 2079 Quod
253 2010 378 2078 luimus,
394 2007 495 2079 lauda,
512 2009 538 2067 si
553 2009 612 2068 iam
628 2008 765 2077 damnas,
782 2007 861 2086 quod
876 2027 988 2070 sumus.

197 2094 260 2155 Hoe
274 2110 342 2164 eur,
358 2090 489 2162 Phileto,
506 2093 693 2170 scripserim,
709 2091 833 2171 pulchre
848 2093 940 2154 vides.
1090 2105 1125 2157 10

538 2309 725 2318 -0—-a

389 2493 674 2566 APPEN
704 2493 736 2564 D
768 2493 787 2565 Ι
817 2494 875 2570 Χ.

476 2637 795 2694 rmmaeuovae.

518 2794 711 2855 FABVLA
731 2798 757 2856 I.

426 2900 571 2952 tamve
592 2899 647 2950 ET
669 2901 845 2954 VVLPES.

215 3011 340 3065 avorum
357 3006 443 3063 etiem
461 3005 539 3075 quod
555 3004 610 3061 eibi
626 3009 754 3076 superest
770 3024 826 3062 non
844 3008 965 3064 libenter
983 3009 1062 3066 dare.

197 3124 320 3202 Vulpem
335 3121 458 3200 rogabat
472 3128 589 3202 partem
603 3123 713 3182 caudae
729 3124 843 3192 simius,

154 3209 318 3284 Contegere
333 3207 457 3267 honeste
472 3212 573 3285 posset
587 3213 620 3264 ut
634 3206 728 3266 nudas
743 3213 841 3276 nates;

154 3293 207 3354 Cui
224 3293 267 3351 sic
281 3289 425 3367 maligna:
454 3288 585 3366 Longior
599 3290 650 3349 fiat
663 3288 742 3359 lieet,

154 3375 266 3436 'lamen
280 3373 362 3434 illam
377 3376 465 3434 eitius
478 3391 533 3452 per
548 3372 644 3433 lutum
658 3379 688 3433 et
703 3375 803 3451 spinas
819 3374 943 3444 traham,

153 3458 222 3518 Tibi
237 3476 326 3538 quem
339 3465 459 3538 partem
475 3458 608 3537 quamvis
622 3474 744 3536 parram
758 3459 913 3536 inpertiar.
