<?xml version="1.0" encoding="UTF-8"?>
<!DOCTYPE html PUBLIC "-//W3C//DTD XHTML 1.0 Transitional//EN"
    "http://www.w3.org/TR/xhtml1/DTD/xhtml1-transitional.dtd">
<html xmlns="http://www.w3.org/1999/xhtml" xml:lang="en" lang="en">
 <head>
  <title>
</title>
<meta http-equiv="Content-Type" content="text/html;charset=utf-8" />
  <meta name='ocr-system' content='tesseract 3.04.00' />
  <meta name='ocr-capabilities' content='ocr_page ocr_carea ocr_par ocr_line ocrx_word'/>
</head>
<body>
  <div class='ocr_page' id='page_1' title='image "./phaedriaugustil04phaegoog_0031.png"; bbox 0 0 2346 3840; ppageno 0'>
   <div class='ocr_carea' id='block_1_1' title="bbox 88 138 899 223">
    <p class='ocr_par' dir='ltr' id='par_1_1' title="bbox 88 138 899 223">
     <span class='ocr_line' id='line_1_1' title="bbox 88 138 899 223; baseline -0.002 -23"><span class='ocrx_word' id='word_1_1' title='bbox 88 138 128 202; x_wconf 83' lang='lat'>10</span> <span class='ocrx_word' id='word_1_2' title='bbox 365 145 527 200; x_wconf 86' lang='lat' dir='ltr'>PHAEDRI</span> <span class='ocrx_word' id='word_1_3' title='bbox 548 143 771 199; x_wconf 79' lang='lat' dir='ltr'><strong>FABVLARVM</strong></span> <span class='ocrx_word' id='word_1_4' title='bbox 895 208 899 223; x_wconf 59' lang='lat'>‚</span> 
     </span>
    </p>
   </div>
   <div class='ocr_carea' id='block_1_2' title="bbox 88 292 786 872">
    <p class='ocr_par' dir='ltr' id='par_1_2' title="bbox 89 292 744 372">
     <span class='ocr_line' id='line_1_2' title="bbox 89 292 744 372; baseline -0.003 -18"><span class='ocrx_word' id='word_1_5' title='bbox 89 293 175 354; x_wconf 87' lang='lat' dir='ltr'>Nunc</span> <span class='ocrx_word' id='word_1_6' title='bbox 191 295 259 372; x_wconf 93' lang='lat' dir='ltr'>quia</span> <span class='ocrx_word' id='word_1_7' title='bbox 274 292 407 362; x_wconf 86' lang='lat' dir='ltr'>laboras,</span> <span class='ocrx_word' id='word_1_8' title='bbox 424 300 458 354; x_wconf 89' lang='lat' dir='ltr'>ut</span> <span class='ocrx_word' id='word_1_9' title='bbox 472 295 583 354; x_wconf 83' lang='lat' dir='ltr'>fruaris</span> <span class='ocrx_word' id='word_1_10' title='bbox 598 293 744 371; x_wconf 90' lang='lat' dir='ltr'>reliquiis,</span> 
     </span>
    </p>

    <p class='ocr_par' dir='ltr' id='par_1_3' title="bbox 89 376 771 455">
     <span class='ocr_line' id='line_1_3' title="bbox 89 376 771 455; baseline 0 -19"><span class='ocrx_word' id='word_1_11' title='bbox 89 376 167 446; x_wconf 86' lang='lat' dir='ltr'>Quas</span> <span class='ocrx_word' id='word_1_12' title='bbox 182 386 251 437; x_wconf 87' lang='lat' dir='ltr'>sunt</span> <span class='ocrx_word' id='word_1_13' title='bbox 265 380 378 447; x_wconf 92' lang='lat' dir='ltr'>rosuri,</span> <span class='ocrx_word' id='word_1_14' title='bbox 394 377 483 437; x_wconf 91' lang='lat' dir='ltr'>simul</span> <span class='ocrx_word' id='word_1_15' title='bbox 498 384 528 436; x_wconf 87' lang='lat' dir='ltr'>et</span> <span class='ocrx_word' id='word_1_16' title='bbox 543 380 622 455; x_wconf 93' lang='lat' dir='ltr'>ipsos</span> <span class='ocrx_word' id='word_1_17' title='bbox 637 377 771 446; x_wconf 87' lang='lat' dir='ltr'>devores,</span> 
     </span>
    </p>

    <p class='ocr_par' dir='ltr' id='par_1_4' title="bbox 89 459 718 538">
     <span class='ocr_line' id='line_1_4' title="bbox 89 459 718 538; baseline 0 -19"><span class='ocrx_word' id='word_1_18' title='bbox 89 459 156 520; x_wconf 91' lang='lat' dir='ltr'>Noli</span> <span class='ocrx_word' id='word_1_19' title='bbox 172 463 320 538; x_wconf 87' lang='lat' dir='ltr'>imputare</span> <span class='ocrx_word' id='word_1_20' title='bbox 336 479 442 521; x_wconf 91' lang='lat' dir='ltr'>vanum</span> <span class='ocrx_word' id='word_1_21' title='bbox 458 461 617 521; x_wconf 84' lang='lat' dir='ltr'>benficium</span> <span class='ocrx_word' id='word_1_22' title='bbox 633 460 718 519; x_wconf 92' lang='lat' dir='ltr'>mihi.</span> 
     </span>
    </p>

    <p class='ocr_par' dir='ltr' id='par_1_5' title="bbox 88 542 786 704">
     <span class='ocr_line' id='line_1_5' title="bbox 88 542 725 624; baseline 0 -20"><span class='ocrx_word' id='word_1_23' title='bbox 88 544 184 622; x_wconf 79' lang='lat' dir='ltr'>Atque</span> <span class='ocrx_word' id='word_1_24' title='bbox 199 546 241 604; x_wconf 90' lang='lat' dir='ltr'>ita</span> <span class='ocrx_word' id='word_1_25' title='bbox 255 543 370 605; x_wconf 86' lang='lat' dir='ltr'>locutus</span> <span class='ocrx_word' id='word_1_26' title='bbox 385 544 543 624; x_wconf 82' lang='lat' dir='ltr'>inprobam</span> <span class='ocrx_word' id='word_1_27' title='bbox 558 542 618 603; x_wconf 90' lang='lat' dir='ltr'>leto</span> <span class='ocrx_word' id='word_1_28' title='bbox 633 544 725 604; x_wconf 83' lang='lat' dir='ltr'><strong>dedit.</strong></span> 
     </span>
     <span class='ocr_line' id='line_1_6' title="bbox 131 627 786 704; baseline 0 -18"><span class='ocrx_word' id='word_1_29' title='bbox 131 627 193 687; x_wconf 90' lang='lat' dir='ltr'>Hoc</span> <span class='ocrx_word' id='word_1_30' title='bbox 208 629 240 687; x_wconf 96' lang='lat' dir='ltr'>in</span> <span class='ocrx_word' id='word_1_31' title='bbox 255 645 287 686; x_wconf 87' lang='lat' dir='ltr'>se</span> <span class='ocrx_word' id='word_1_32' title='bbox 300 628 415 688; x_wconf 88' lang='lat' dir='ltr'>dictum</span> <span class='ocrx_word' id='word_1_33' title='bbox 431 627 541 688; x_wconf 87' lang='lat' dir='ltr'>debent</span> <span class='ocrx_word' id='word_1_34' title='bbox 556 628 600 687; x_wconf 88' lang='lat' dir='ltr'>illi</span> <span class='ocrx_word' id='word_1_35' title='bbox 615 643 786 704; x_wconf 81' lang='lat' dir='ltr'><strong>agnoscere,</strong></span> 
     </span>
    </p>

    <p class='ocr_par' dir='ltr' id='par_1_6' title="bbox 89 708 657 790">
     <span class='ocr_line' id='line_1_7' title="bbox 89 708 657 790; baseline 0.002 -20"><span class='ocrx_word' id='word_1_36' title='bbox 89 708 221 780; x_wconf 84' lang='lat' dir='ltr'>Quorum</span> <span class='ocrx_word' id='word_1_37' title='bbox 235 711 349 790; x_wconf 80' lang='lat' dir='ltr'>privata</span> <span class='ocrx_word' id='word_1_38' title='bbox 364 714 456 772; x_wconf 90' lang='lat' dir='ltr'>servit</span> <span class='ocrx_word' id='word_1_39' title='bbox 470 711 583 772; x_wconf 90' lang='lat' dir='ltr'>utilitas</span> <span class='ocrx_word' id='word_1_40' title='bbox 599 710 657 771; x_wconf 89' lang='lat' dir='ltr'>sibi</span> 
     </span>
    </p>

    <p class='ocr_par' dir='ltr' id='par_1_7' title="bbox 88 793 744 872">
     <span class='ocr_line' id='line_1_8' title="bbox 88 793 744 872; baseline 0.002 -18"><span class='ocrx_word' id='word_1_41' title='bbox 88 793 126 854; x_wconf 90' lang='lat' dir='ltr'>Et</span> <span class='ocrx_word' id='word_1_42' title='bbox 140 796 280 854; x_wconf 91' lang='lat' dir='ltr'>meritum</span> <span class='ocrx_word' id='word_1_43' title='bbox 296 797 383 855; x_wconf 88' lang='lat' dir='ltr'>inane</span> <span class='ocrx_word' id='word_1_44' title='bbox 398 797 510 856; x_wconf 88' lang='lat' dir='ltr'>iactant</span> <span class='ocrx_word' id='word_1_45' title='bbox 524 795 744 872; x_wconf 64' lang='lat' dir='ltr'>inprudentium</span> 
     </span>
    </p>
   </div>
   <div class='ocr_carea' id='block_1_3' title="bbox 384 944 757 1094">
    <p class='ocr_par' dir='ltr' id='par_1_8' title="bbox 384 944 757 1094">
     <span class='ocr_line' id='line_1_9' title="bbox 404 944 730 1004; baseline -0.006 0"><span class='ocrx_word' id='word_1_46' title='bbox 404 944 598 1004; x_wconf 80' lang='lat' dir='ltr'><strong>FABVLA</strong></span> <span class='ocrx_word' id='word_1_47' title='bbox 619 944 730 1004; x_wconf 88' lang='lat' dir='ltr'>XXIII.</span> 
     </span>
     <span class='ocr_line' id='line_1_10' title="bbox 384 1040 757 1094; baseline 0.005 -2"><span class='ocrx_word' id='word_1_48' title='bbox 384 1041 527 1092; x_wconf 77' lang='lat' dir='ltr'>CANIS</span> <span class='ocrx_word' id='word_1_49' title='bbox 549 1040 757 1094; x_wconf 71' lang='lat' dir='ltr'>mnus·</span> 
     </span>
    </p>
   </div>
   <div class='ocr_carea' id='block_1_4' title="bbox 41 1126 851 1790">
    <p class='ocr_par' dir='ltr' id='par_1_9' title="bbox 90 1126 713 1290">
     <span class='ocr_line' id='line_1_11' title="bbox 132 1126 713 1207; baseline 0 -20"><span class='ocrx_word' id='word_1_50' title='bbox 132 1128 264 1207; x_wconf 83' lang='lat' dir='ltr'>Repente</span> <span class='ocrx_word' id='word_1_51' title='bbox 279 1126 413 1187; x_wconf 89' lang='lat' dir='ltr'>liberalis</span> <span class='ocrx_word' id='word_1_52' title='bbox 429 1127 526 1188; x_wconf 92' lang='lat' dir='ltr'>stultis</span> <span class='ocrx_word' id='word_1_53' title='bbox 542 1135 644 1204; x_wconf 90' lang='lat' dir='ltr'>gratus</span> <span class='ocrx_word' id='word_1_54' title='bbox 659 1135 713 1196; x_wconf 87' lang='lat' dir='ltr'>ast,</span> 
     </span>
     <span class='ocr_line' id='line_1_12' title="bbox 90 1210 662 1290; baseline 0 -20"><span class='ocrx_word' id='word_1_55' title='bbox 90 1213 200 1271; x_wconf 89' lang='lat' dir='ltr'>Verum</span> <span class='ocrx_word' id='word_1_56' title='bbox 215 1212 323 1290; x_wconf 87' lang='lat' dir='ltr'>peritis</span> <span class='ocrx_word' id='word_1_57' title='bbox 337 1212 443 1271; x_wconf 92' lang='lat' dir='ltr'>inritos</span> <span class='ocrx_word' id='word_1_58' title='bbox 459 1210 555 1271; x_wconf 90' lang='lat' dir='ltr'>tendit</span> <span class='ocrx_word' id='word_1_59' title='bbox 570 1210 662 1271; x_wconf 93' lang='lat' dir='ltr'>dolos.</span> 
     </span>
    </p>

    <p class='ocr_par' dir='ltr' id='par_1_10' title="bbox 41 1293 851 1790">
     <span class='ocr_line' id='line_1_13' title="bbox 132 1293 806 1373; baseline -0.001 -19"><span class='ocrx_word' id='word_1_60' title='bbox 132 1293 301 1354; x_wconf 90' lang='lat' dir='ltr'>Nocturnus</span> <span class='ocrx_word' id='word_1_61' title='bbox 316 1312 384 1354; x_wconf 91' lang='lat' dir='ltr'>cum</span> <span class='ocrx_word' id='word_1_62' title='bbox 398 1293 447 1353; x_wconf 84' lang='lat' dir='ltr'>lur</span> <span class='ocrx_word' id='word_1_63' title='bbox 461 1312 569 1373; x_wconf 88' lang='lat' dir='ltr'>panem</span> <span class='ocrx_word' id='word_1_64' title='bbox 584 1296 716 1354; x_wconf 89' lang='lat' dir='ltr'>misisset</span> <span class='ocrx_word' id='word_1_65' title='bbox 730 1294 806 1363; x_wconf 87' lang='lat' dir='ltr'>cani,</span> 
     </span>
     <span class='ocr_line' id='line_1_14' title="bbox 41 1377 723 1457; baseline -0.004 -18"><span class='ocrx_word' id='word_1_66' title='bbox 41 1383 43 1386; x_wconf 77' lang='grc'>’</span> <span class='ocrx_word' id='word_1_67' title='bbox 91 1377 216 1439; x_wconf 86' lang='lat' dir='ltr'>Obiecto</span> <span class='ocrx_word' id='word_1_68' title='bbox 230 1386 378 1456; x_wconf 89' lang='lat' dir='ltr'>temptans</span> <span class='ocrx_word' id='word_1_69' title='bbox 393 1396 430 1438; x_wconf 93' lang='lat' dir='ltr'>an</span> <span class='ocrx_word' id='word_1_70' title='bbox 445 1377 512 1438; x_wconf 89' lang='lat' dir='ltr'>oiho</span> <span class='ocrx_word' id='word_1_71' title='bbox 527 1386 628 1457; x_wconf 92' lang='lat' dir='ltr'>posset</span> <span class='ocrx_word' id='word_1_72' title='bbox 642 1380 723 1456; x_wconf 89' lang='lat' dir='ltr'>oapi:</span> 
     </span>
     <span class='ocr_line' id='line_1_15' title="bbox 91 1460 851 1540; baseline -0.001 -20"><span class='ocrx_word' id='word_1_73' title='bbox 91 1461 187 1530; x_wconf 86' lang='lat' dir='ltr'>Heus,</span> <span class='ocrx_word' id='word_1_74' title='bbox 203 1463 315 1540; x_wconf 88' lang='lat' dir='ltr'>inquit,</span> <span class='ocrx_word' id='word_1_75' title='bbox 332 1461 463 1538; x_wconf 85' lang='lat' dir='ltr'><strong>linguam</strong></span> <span class='ocrx_word' id='word_1_76' title='bbox 477 1463 522 1524; x_wconf 84' lang='lat' dir='ltr'>vis</span> <span class='ocrx_word' id='word_1_77' title='bbox 536 1480 633 1522; x_wconf 90' lang='lat' dir='ltr'>meam</span> <span class='ocrx_word' id='word_1_78' title='bbox 647 1460 851 1539; x_wconf 78' lang='lat' dir='ltr'>praecludere,</span> 
     </span>
     <span class='ocr_line' id='line_1_16' title="bbox 92 1543 815 1623; baseline -0.003 -19"><span class='ocrx_word' id='word_1_79' title='bbox 92 1543 135 1604; x_wconf 88' lang='lat' dir='ltr'>Ne</span> <span class='ocrx_word' id='word_1_80' title='bbox 151 1545 256 1606; x_wconf 86' lang='lat' dir='ltr'>latrem</span> <span class='ocrx_word' id='word_1_81' title='bbox 270 1563 325 1623; x_wconf 89' lang='lat' dir='ltr'>pro</span> <span class='ocrx_word' id='word_1_82' title='bbox 341 1563 373 1604; x_wconf 86' lang='lat' dir='ltr'>re</span> <span class='ocrx_word' id='word_1_83' title='bbox 390 1545 522 1605; x_wconf 81' lang='lat' dir='ltr'>dominil</span> <span class='ocrx_word' id='word_1_84' title='bbox 551 1545 675 1605; x_wconf 89' lang='lat' dir='ltr'>Multum</span> <span class='ocrx_word' id='word_1_85' title='bbox 689 1544 815 1604; x_wconf 81' lang='lat' dir='ltr'>falleris.</span> 
     </span>
     <span class='ocr_line' id='line_1_17' title="bbox 91 1626 780 1706; baseline -0.003 -18"><span class='ocrx_word' id='word_1_86' title='bbox 91 1626 225 1706; x_wconf 81' lang='lat' dir='ltr'>Namque</span> <span class='ocrx_word' id='word_1_87' title='bbox 240 1631 298 1688; x_wconf 90' lang='lat' dir='ltr'>ista</span> <span class='ocrx_word' id='word_1_88' title='bbox 313 1628 412 1689; x_wconf 90' lang='lat' dir='ltr'>subita</span> <span class='ocrx_word' id='word_1_89' title='bbox 426 1646 473 1688; x_wconf 89' lang='lat' dir='ltr'>me</span> <span class='ocrx_word' id='word_1_90' title='bbox 489 1627 573 1688; x_wconf 87' lang='lat' dir='ltr'>iubet</span> <span class='ocrx_word' id='word_1_91' title='bbox 587 1627 757 1704; x_wconf 81' lang='lat' dir='ltr'>benignitas</span> <span class='ocrx_word' id='word_1_92' title='bbox 778 1672 780 1680; x_wconf 23' lang='grc' dir='ltr'>ι</span> 
     </span>
     <span class='ocr_line' id='line_1_18' title="bbox 51 1709 719 1790; baseline 0.001 -20"><span class='ocrx_word' id='word_1_93' title='bbox 51 1721 52 1725; x_wconf 76' lang='grc'>’</span> <span class='ocrx_word' id='word_1_94' title='bbox 91 1709 235 1788; x_wconf 88' lang='lat' dir='ltr'>Vigilare,</span> <span class='ocrx_word' id='word_1_95' title='bbox 251 1712 342 1772; x_wconf 79' lang='lat' dir='ltr'>facias</span> <span class='ocrx_word' id='word_1_96' title='bbox 356 1729 394 1771; x_wconf 86' lang='lat' dir='ltr'>ne</span> <span class='ocrx_word' id='word_1_97' title='bbox 410 1729 477 1770; x_wconf 90' lang='lat' dir='ltr'>mea</span> <span class='ocrx_word' id='word_1_98' title='bbox 492 1711 577 1790; x_wconf 91' lang='lat' dir='ltr'>culpa</span> <span class='ocrx_word' id='word_1_99' title='bbox 592 1711 719 1772; x_wconf 87' lang='lat' dir='ltr'>lucrum.</span> 
     </span>
    </p>
   </div>
   <div class='ocr_carea' id='block_1_5' title="bbox 341 1862 801 2013">
    <p class='ocr_par' dir='ltr' id='par_1_11' title="bbox 341 1862 801 2013">
     <span class='ocr_line' id='line_1_19' title="bbox 408 1862 730 1937; baseline 0.003 -17"><span class='ocrx_word' id='word_1_100' title='bbox 408 1862 601 1922; x_wconf 74' lang='lat' dir='ltr'>annuns</span> <span class='ocrx_word' id='word_1_101' title='bbox 622 1862 730 1937; x_wconf 73' lang='lat' dir='ltr'>xxiv.</span> 
     </span>
     <span class='ocr_line' id='line_1_20' title="bbox 341 1958 801 2013; baseline 0.009 -4"><span class='ocrx_word' id='word_1_102' title='bbox 341 1958 463 2010; x_wconf 77' lang='lat' dir='ltr'><strong>RANA</strong></span> <span class='ocrx_word' id='word_1_103' title='bbox 479 1961 624 2013; x_wconf 78' lang='lat' dir='ltr'>RVP&#39;PA</span> <span class='ocrx_word' id='word_1_104' title='bbox 640 1961 695 2012; x_wconf 72' lang='lat' dir='ltr'>En</span> <span class='ocrx_word' id='word_1_105' title='bbox 712 1959 801 2013; x_wconf 77' lang='lat' dir='ltr'>Bos·</span> 
     </span>
    </p>
   </div>
   <div class='ocr_carea' id='block_1_6' title="bbox 39 2044 816 2876">
    <p class='ocr_par' dir='ltr' id='par_1_12' title="bbox 39 2044 816 2876">
     <span class='ocr_line' id='line_1_21' title="bbox 133 2044 816 2124; baseline 0.001 -20"><span class='ocrx_word' id='word_1_106' title='bbox 133 2044 238 2123; x_wconf 90' lang='lat' dir='ltr'>Inops,</span> <span class='ocrx_word' id='word_1_107' title='bbox 254 2052 406 2123; x_wconf 90' lang='lat' dir='ltr'>potentem</span> <span class='ocrx_word' id='word_1_108' title='bbox 421 2044 492 2105; x_wconf 92' lang='lat' dir='ltr'>dum</span> <span class='ocrx_word' id='word_1_109' title='bbox 507 2045 569 2104; x_wconf 91' lang='lat' dir='ltr'>vult</span> <span class='ocrx_word' id='word_1_110' title='bbox 582 2046 702 2118; x_wconf 87' lang='lat' dir='ltr'>imitari,</span> <span class='ocrx_word' id='word_1_111' title='bbox 727 2048 816 2124; x_wconf 90' lang='lat' dir='ltr'>perit.</span> 
     </span>
     <span class='ocr_line' id='line_1_22' title="bbox 92 2126 766 2207; baseline 0 -19"><span class='ocrx_word' id='word_1_112' title='bbox 92 2128 126 2188; x_wconf 90' lang='lat' dir='ltr'>In</span> <span class='ocrx_word' id='word_1_113' title='bbox 142 2134 227 2207; x_wconf 91' lang='lat' dir='ltr'>prato</span> <span class='ocrx_word' id='word_1_114' title='bbox 242 2126 389 2207; x_wconf 91' lang='lat' dir='ltr'>quondam</span> <span class='ocrx_word' id='word_1_115' title='bbox 404 2144 477 2187; x_wconf 86' lang='lat' dir='ltr'>rana</span> <span class='ocrx_word' id='word_1_116' title='bbox 492 2131 646 2206; x_wconf 80' lang='lat' dir='ltr'>conspexit</span> <span class='ocrx_word' id='word_1_117' title='bbox 660 2127 766 2188; x_wconf 87' lang='lat' dir='ltr'>bovem</span> 
     </span>
     <span class='ocr_line' id='line_1_23' title="bbox 39 2210 687 2288; baseline 0.003 -18"><span class='ocrx_word' id='word_1_118' title='bbox 39 2219 51 2244; x_wconf 59' lang='lat'>⁸</span> <span class='ocrx_word' id='word_1_119' title='bbox 92 2212 130 2271; x_wconf 88' lang='lat' dir='ltr'>Et</span> <span class='ocrx_word' id='word_1_120' title='bbox 145 2219 223 2271; x_wconf 87' lang='lat' dir='ltr'>tacta</span> <span class='ocrx_word' id='word_1_121' title='bbox 236 2210 348 2270; x_wconf 89' lang='lat' dir='ltr'>invidia</span> <span class='ocrx_word' id='word_1_122' title='bbox 363 2218 460 2270; x_wconf 78' lang='lat' dir='ltr'>tantae</span> <span class='ocrx_word' id='word_1_123' title='bbox 474 2212 687 2288; x_wconf 79' lang='lat' dir='ltr'>magnitudinis</span> 
     </span>
     <span class='ocr_line' id='line_1_24' title="bbox 92 2293 775 2373; baseline 0.004 -20"><span class='ocrx_word' id='word_1_124' title='bbox 92 2293 241 2371; x_wconf 86' lang='lat' dir='ltr'>Rugosam</span> <span class='ocrx_word' id='word_1_125' title='bbox 256 2293 369 2354; x_wconf 80' lang='lat' dir='ltr'>inflavit</span> <span class='ocrx_word' id='word_1_126' title='bbox 382 2294 505 2373; x_wconf 90' lang='lat' dir='ltr'>pellem:</span> <span class='ocrx_word' id='word_1_127' title='bbox 528 2303 592 2356; x_wconf 90' lang='lat' dir='ltr'>tum</span> <span class='ocrx_word' id='word_1_128' title='bbox 606 2305 691 2356; x_wconf 86' lang='lat' dir='ltr'>natos</span> <span class='ocrx_word' id='word_1_129' title='bbox 705 2313 775 2356; x_wconf 92' lang='lat' dir='ltr'>suos</span> 
     </span>
     <span class='ocr_line' id='line_1_25' title="bbox 92 2377 655 2455; baseline 0.004 -17"><span class='ocrx_word' id='word_1_130' title='bbox 92 2378 303 2455; x_wconf 82' lang='lat' dir='ltr'>Interrogavit,</span> <span class='ocrx_word' id='word_1_131' title='bbox 320 2397 357 2439; x_wconf 89' lang='lat' dir='ltr'>an</span> <span class='ocrx_word' id='word_1_132' title='bbox 373 2377 447 2439; x_wconf 86' lang='lat' dir='ltr'>bove</span> <span class='ocrx_word' id='word_1_133' title='bbox 463 2385 543 2440; x_wconf 87' lang='lat' dir='ltr'>esset</span> <span class='ocrx_word' id='word_1_134' title='bbox 556 2380 655 2440; x_wconf 89' lang='lat' dir='ltr'>latior.</span> 
     </span>
     <span class='ocr_line' id='line_1_26' title="bbox 92 2461 709 2538; baseline 0.003 -17"><span class='ocrx_word' id='word_1_135' title='bbox 92 2461 140 2521; x_wconf 91' lang='lat' dir='ltr'>llli</span> <span class='ocrx_word' id='word_1_136' title='bbox 154 2467 323 2538; x_wconf 74' lang='lat' dir='ltr'>negarunt..</span> <span class='ocrx_word' id='word_1_137' title='bbox 339 2461 454 2522; x_wconf 87' lang='lat' dir='ltr'>Rursus</span> <span class='ocrx_word' id='word_1_138' title='bbox 468 2463 597 2524; x_wconf 87' lang='lat' dir='ltr'>intendit</span> <span class='ocrx_word' id='word_1_139' title='bbox 611 2471 709 2524; x_wconf 90' lang='lat' dir='ltr'>cutem</span> 
     </span>
     <span class='ocr_line' id='line_1_27' title="bbox 92 2544 708 2624; baseline 0.003 -20"><span class='ocrx_word' id='word_1_140' title='bbox 92 2544 203 2604; x_wconf 85' lang='lat' dir='ltr'>Maiore</span> <span class='ocrx_word' id='word_1_141' title='bbox 217 2546 287 2604; x_wconf 89' lang='lat' dir='ltr'>nisu</span> <span class='ocrx_word' id='word_1_142' title='bbox 301 2552 331 2605; x_wconf 90' lang='lat' dir='ltr'>et</span> <span class='ocrx_word' id='word_1_143' title='bbox 345 2546 439 2605; x_wconf 92' lang='lat' dir='ltr'>simili</span> <span class='ocrx_word' id='word_1_144' title='bbox 451 2549 598 2624; x_wconf 89' lang='lat' dir='ltr'>quaesivit</span> <span class='ocrx_word' id='word_1_145' title='bbox 612 2547 708 2615; x_wconf 92' lang='lat' dir='ltr'>modo,</span> 
     </span>
     <span class='ocr_line' id='line_1_28' title="bbox 93 2627 740 2696; baseline 0.005 -9"><span class='ocrx_word' id='word_1_146' title='bbox 93 2627 165 2696; x_wconf 80' lang='lat' dir='ltr'>Quis</span> <span class='ocrx_word' id='word_1_147' title='bbox 180 2629 274 2688; x_wconf 91' lang='lat' dir='ltr'>maior</span> <span class='ocrx_word' id='word_1_148' title='bbox 289 2637 376 2689; x_wconf 89' lang='lat' dir='ltr'>esset.</span> <span class='ocrx_word' id='word_1_149' title='bbox 406 2629 454 2690; x_wconf 91' lang='lat' dir='ltr'>Illi</span> <span class='ocrx_word' id='word_1_150' title='bbox 469 2630 610 2690; x_wconf 84' lang='lat' dir='ltr'>dixerunt</span> <span class='ocrx_word' id='word_1_151' title='bbox 624 2630 740 2691; x_wconf 89' lang='lat' dir='ltr'>bovem.</span> 
     </span>
     <span class='ocr_line' id='line_1_29' title="bbox 93 2711 728 2788; baseline 0.003 -18"><span class='ocrx_word' id='word_1_152' title='bbox 93 2711 258 2772; x_wconf 87' lang='lat' dir='ltr'>Novissime</span> <span class='ocrx_word' id='word_1_153' title='bbox 272 2711 425 2788; x_wconf 90' lang='lat' dir='ltr'>indignata</span> <span class='ocrx_word' id='word_1_154' title='bbox 440 2713 511 2773; x_wconf 94' lang='lat' dir='ltr'>dum</span> <span class='ocrx_word' id='word_1_155' title='bbox 525 2713 587 2774; x_wconf 83' lang='lat' dir='ltr'>vult</span> <span class='ocrx_word' id='word_1_156' title='bbox 601 2713 728 2774; x_wconf 82' lang='lat' dir='ltr'>validius</span> 
     </span>
     <span class='ocr_line' id='line_1_30' title="bbox 92 2793 658 2876; baseline 0.004 -22"><span class='ocrx_word' id='word_1_157' title='bbox 92 2793 198 2854; x_wconf 87' lang='lat' dir='ltr'>lnllare</span> <span class='ocrx_word' id='word_1_158' title='bbox 214 2813 294 2865; x_wconf 87' lang='lat' dir='ltr'>sese,</span> <span class='ocrx_word' id='word_1_159' title='bbox 310 2804 399 2875; x_wconf 90' lang='lat' dir='ltr'>rupto</span> <span class='ocrx_word' id='word_1_160' title='bbox 414 2798 507 2856; x_wconf 88' lang='lat' dir='ltr'>iacuit</span> <span class='ocrx_word' id='word_1_161' title='bbox 522 2816 658 2876; x_wconf 89' lang='lat' dir='ltr'>corpore.</span> 
     </span>
    </p>
   </div>
   <div class='ocr_carea' id='block_1_7' title="bbox 92 2947 841 3293">
    <p class='ocr_par' dir='ltr' id='par_1_13' title="bbox 92 2947 841 3293">
     <span class='ocr_line' id='line_1_31' title="bbox 419 2947 724 3008; baseline -0.003 -2"><span class='ocrx_word' id='word_1_162' title='bbox 419 2947 611 3007; x_wconf 83' lang='lat' dir='ltr'><strong>FABVLA</strong></span> <span class='ocrx_word' id='word_1_163' title='bbox 632 2948 724 3008; x_wconf 90' lang='lat' dir='ltr'>XXV.</span> 
     </span>
     <span class='ocr_line' id='line_1_32' title="bbox 340 3044 841 3097; baseline 0.002 -2"><span class='ocrx_word' id='word_1_164' title='bbox 340 3044 477 3095; x_wconf 68' lang='lat' dir='ltr'>oms</span> <span class='ocrx_word' id='word_1_165' title='bbox 493 3045 549 3096; x_wconf 73' lang='grc' dir='ltr'>ΕΤ</span> <span class='ocrx_word' id='word_1_166' title='bbox 568 3045 806 3097; x_wconf 79' lang='lat' dir='ltr'>GOROODILI.</span> <span class='ocrx_word' id='word_1_167' title='bbox 838 3073 841 3078; x_wconf 90' lang='lat'>-</span> 
     </span>
     <span class='ocr_line' id='line_1_33' title="bbox 135 3126 831 3208; baseline 0.004 -22"><span class='ocrx_word' id='word_1_168' title='bbox 135 3126 264 3187; x_wconf 84' lang='lat' dir='ltr'>Consilia</span> <span class='ocrx_word' id='word_1_169' title='bbox 280 3131 331 3206; x_wconf 91' lang='lat' dir='ltr'>qui</span> <span class='ocrx_word' id='word_1_170' title='bbox 341 3130 417 3191; x_wconf 81' lang='lat' dir='ltr'>&#39;dant</span> <span class='ocrx_word' id='word_1_171' title='bbox 431 3149 522 3208; x_wconf 88' lang='lat' dir='ltr'>prava</span> <span class='ocrx_word' id='word_1_172' title='bbox 537 3135 632 3192; x_wconf 90' lang='lat' dir='ltr'>cautis</span> <span class='ocrx_word' id='word_1_173' title='bbox 647 3130 831 3200; x_wconf 90' lang='lat' dir='ltr'>hominibus,</span> 
     </span>
     <span class='ocr_line' id='line_1_34' title="bbox 92 3209 799 3293; baseline 0.006 -24"><span class='ocrx_word' id='word_1_174' title='bbox 92 3209 131 3270; x_wconf 87' lang='lat' dir='ltr'>Et</span> <span class='ocrx_word' id='word_1_175' title='bbox 144 3211 274 3288; x_wconf 90' lang='lat' dir='ltr'>perdunt</span> <span class='ocrx_word' id='word_1_176' title='bbox 288 3230 408 3290; x_wconf 87' lang='lat' dir='ltr'>operam</span> <span class='ocrx_word' id='word_1_177' title='bbox 424 3222 454 3272; x_wconf 87' lang='lat' dir='ltr'>et</span> <span class='ocrx_word' id='word_1_178' title='bbox 468 3214 645 3274; x_wconf 89' lang='lat' dir='ltr'>deridentur</span> <span class='ocrx_word' id='word_1_179' title='bbox 659 3216 799 3293; x_wconf 88' lang='lat' dir='ltr'>turpiter.</span> 
     </span>
    </p>
   </div>
   <div class='ocr_carea' id='block_1_8' title="bbox 48 3295 795 3460">
    <p class='ocr_par' dir='ltr' id='par_1_14' title="bbox 48 3295 795 3460">
     <span class='ocr_line' id='line_1_35' title="bbox 48 3295 795 3367; baseline 0.004 -13"><span class='ocrx_word' id='word_1_180' title='bbox 48 3359 51 3362; x_wconf 60' lang='grc'>,</span> <span class='ocrx_word' id='word_1_181' title='bbox 135 3295 228 3355; x_wconf 89' lang='lat' dir='ltr'>Canes</span> <span class='ocrx_word' id='word_1_182' title='bbox 243 3305 400 3358; x_wconf 80' lang='lat' dir='ltr'>eumentes</span> <span class='ocrx_word' id='word_1_183' title='bbox 415 3296 520 3357; x_wconf 88' lang='lat' dir='ltr'>hibere</span> <span class='ocrx_word' id='word_1_184' title='bbox 535 3300 567 3364; x_wconf 88' lang='lat' dir='ltr'>in</span> <span class='ocrx_word' id='word_1_185' title='bbox 582 3297 648 3358; x_wconf 90' lang='lat' dir='ltr'>Nilo</span> <span class='ocrx_word' id='word_1_186' title='bbox 664 3298 795 3367; x_wconf 86' lang='lat' dir='ltr'>flumine,</span> 
     </span>
     <span class='ocr_line' id='line_1_36' title="bbox 93 3376 755 3460; baseline 0.006 -22"><span class='ocrx_word' id='word_1_187' title='bbox 93 3376 117 3438; x_wconf 84' lang='grc' dir='ltr'><strong>Α</strong></span> <span class='ocrx_word' id='word_1_188' title='bbox 132 3378 290 3438; x_wconf 89' lang='lat' dir='ltr'>corcodilis</span> <span class='ocrx_word' id='word_1_189' title='bbox 305 3399 342 3440; x_wconf 90' lang='lat' dir='ltr'>ne</span> <span class='ocrx_word' id='word_1_190' title='bbox 357 3383 528 3460; x_wconf 87' lang='lat' dir='ltr'>rapiantur,</span> <span class='ocrx_word' id='word_1_191' title='bbox 544 3381 687 3442; x_wconf 90' lang='lat' dir='ltr'>traditum</span> <span class='ocrx_word' id='word_1_192' title='bbox 702 3389 755 3443; x_wconf 88' lang='lat' dir='ltr'>est.</span> 
     </span>
    </p>
   </div>
   <div class='ocr_carea' id='block_1_9' title="bbox 0 0 1183 3840">
    <p class='ocr_par' dir='ltr' id='par_1_15' title="bbox 0 0 1183 3840">
     <span class='ocr_line' id='line_1_37' title="bbox 0 0 1183 3840; baseline 0 0"><span class='ocrx_word' id='word_1_193' title='bbox 0 0 1183 3840; x_wconf 95' lang='lat' dir='ltr'> </span> 
     </span>
    </p>
   </div>
  </div>
 </body>
</html>
