<?xml version="1.0" encoding="UTF-8"?>
<!DOCTYPE html PUBLIC "-//W3C//DTD XHTML 1.0 Transitional//EN"
    "http://www.w3.org/TR/xhtml1/DTD/xhtml1-transitional.dtd">
<html xmlns="http://www.w3.org/1999/xhtml" xml:lang="en" lang="en">
 <head>
  <title>
</title>
<meta http-equiv="Content-Type" content="text/html;charset=utf-8" />
  <meta name='ocr-system' content='tesseract 3.04.00' />
  <meta name='ocr-capabilities' content='ocr_page ocr_carea ocr_par ocr_line ocrx_word'/>
</head>
<body>
  <div class='ocr_page' id='page_1' title='image "./phaedriaugustil04phaegoog_0049.png"; bbox 0 0 2346 3840; ppageno 0'>
   <div class='ocr_carea' id='block_1_1' title="bbox 100 194 785 261">
    <p class='ocr_par' dir='ltr' id='par_1_1' title="bbox 100 194 785 261">
     <span class='ocr_line' id='line_1_1' title="bbox 100 194 785 261; baseline 0.001 -1"><span class='ocrx_word' id='word_1_1' title='bbox 100 194 142 261; x_wconf 81' lang='grc'><strong>28</strong></span> <span class='ocrx_word' id='word_1_2' title='bbox 227 250 230 255; x_wconf 97' lang='grc'><em>.</em></span> <span class='ocrx_word' id='word_1_3' title='bbox 362 202 541 258; x_wconf 78' lang='grc' dir='ltr'><strong>·ΡΗΑΕ1)111</strong></span> <span class='ocrx_word' id='word_1_4' title='bbox 561 201 785 260; x_wconf 66' lang='lat' dir='ltr'><strong>naamanin</strong></span> 
     </span>
    </p>
   </div>
   <div class='ocr_carea' id='block_1_2' title="bbox 101 350 981 1441">
    <p class='ocr_par' dir='ltr' id='par_1_2' title="bbox 101 350 981 854">
     <span class='ocr_line' id='line_1_2' title="bbox 102 350 769 432; baseline 0.006 -21"><span class='ocrx_word' id='word_1_5' title='bbox 102 350 267 413; x_wconf 86' lang='lat' dir='ltr'><strong>Novissime</strong></span> <span class='ocrx_word' id='word_1_6' title='bbox 282 353 451 432; x_wconf 83' lang='lat' dir='ltr'><strong>prolapsam</strong></span> <span class='ocrx_word' id='word_1_7' title='bbox 466 353 592 414; x_wconf 82' lang='lat' dir='ltr'><strong>effundit</strong></span> <span class='ocrx_word' id='word_1_8' title='bbox 606 356 769 424; x_wconf 68' lang='lat' dir='ltr'><strong>sarcinam</strong></span> 
     </span>
     <span class='ocr_line' id='line_1_3' title="bbox 101 435 827 517; baseline 0.003 -22"><span class='ocrx_word' id='word_1_9' title='bbox 101 435 211 496; x_wconf 90' lang='lat' dir='ltr'><strong>Verum</strong></span> <span class='ocrx_word' id='word_1_10' title='bbox 225 437 321 507; x_wconf 93' lang='lat' dir='ltr'><strong>illam,</strong></span> <span class='ocrx_word' id='word_1_11' title='bbox 337 455 413 517; x_wconf 88' lang='lat' dir='ltr'><strong>quae</strong></span> <span class='ocrx_word' id='word_1_12' title='bbox 427 442 475 499; x_wconf 88' lang='lat' dir='ltr'><strong>me</strong></span> <span class='ocrx_word' id='word_1_13' title='bbox 489 439 585 499; x_wconf 85' lang='lat' dir='ltr'><strong>nutrit</strong></span> <span class='ocrx_word' id='word_1_14' title='bbox 599 437 717 498; x_wconf 91' lang='lat' dir='ltr'><strong>admoto</strong></span> <span class='ocrx_word' id='word_1_15' title='bbox 732 437 827 500; x_wconf 86' lang='lat' dir='ltr'><strong>ubero</strong></span> 
     </span>
     <span class='ocr_line' id='line_1_4' title="bbox 101 519 740 600; baseline 0.008 -21"><span class='ocrx_word' id='word_1_16' title='bbox 101 519 290 600; x_wconf 81' lang='lat' dir='ltr'><strong>Fraudatque</strong></span> <span class='ocrx_word' id='word_1_17' title='bbox 304 531 388 582; x_wconf 89' lang='lat' dir='ltr'><strong>natos</strong></span> <span class='ocrx_word' id='word_1_18' title='bbox 401 521 494 592; x_wconf 87' lang='lat' dir='ltr'><strong>lacte,</strong></span> <span class='ocrx_word' id='word_1_19' title='bbox 510 539 549 583; x_wconf 93' lang='lat' dir='ltr'><strong>ne</strong></span> <span class='ocrx_word' id='word_1_20' title='bbox 564 520 642 583; x_wconf 87' lang='lat' dir='ltr'><strong>desit</strong></span> <span class='ocrx_word' id='word_1_21' title='bbox 654 521 740 585; x_wconf 91' lang='lat' dir='ltr'><strong>mihi.</strong></span> 
     </span>
     <span class='ocr_line' id='line_1_5' title="bbox 102 603 981 686; baseline 0 -22"><span class='ocrx_word' id='word_1_22' title='bbox 102 603 214 665; x_wconf 87' lang='lat' dir='ltr'><strong>&#39;lamen</strong></span> <span class='ocrx_word' id='word_1_23' title='bbox 228 604 279 666; x_wconf 93' lang='lat' dir='ltr'><strong>illa</strong></span> <span class='ocrx_word' id='word_1_24' title='bbox 294 613 340 666; x_wconf 87' lang='lat' dir='ltr'><strong>est</strong></span> <span class='ocrx_word' id='word_1_25' title='bbox 353 607 465 686; x_wconf 92' lang='lat' dir='ltr'><strong>potior,</strong></span> <span class='ocrx_word' id='word_1_26' title='bbox 482 623 558 686; x_wconf 90' lang='lat' dir='ltr'><strong>quae</strong></span> <span class='ocrx_word' id='word_1_27' title='bbox 573 613 604 666; x_wconf 91' lang='lat' dir='ltr'><strong>te</strong></span> <span class='ocrx_word' id='word_1_28' title='bbox 618 608 746 685; x_wconf 82' lang='lat' dir='ltr'>peperit.</span> <span class='ocrx_word' id='word_1_29' title='bbox 778 604 845 666; x_wconf 89' lang='lat' dir='ltr'><strong>Non</strong></span> <span class='ocrx_word' id='word_1_30' title='bbox 860 606 903 665; x_wconf 91' lang='lat' dir='ltr'><strong>ita</strong></span> <span class='ocrx_word' id='word_1_31' title='bbox 917 611 981 674; x_wconf 74' lang='lat' dir='ltr'><strong>est.v</strong></span> 
     </span>
     <span class='ocr_line' id='line_1_6' title="bbox 102 687 866 767; baseline 0.004 -20"><span class='ocrx_word' id='word_1_32' title='bbox 102 687 184 749; x_wconf 88' lang='lat' dir='ltr'><strong>Vnde</strong></span> <span class='ocrx_word' id='word_1_33' title='bbox 200 688 251 750; x_wconf 82' lang='lat' dir='ltr'><strong>illa</strong></span> <span class='ocrx_word' id='word_1_34' title='bbox 266 691 368 760; x_wconf 86' lang='lat' dir='ltr'><strong>scivit,</strong></span> <span class='ocrx_word' id='word_1_35' title='bbox 384 691 470 767; x_wconf 91' lang='lat' dir='ltr'><strong>niger</strong></span> <span class='ocrx_word' id='word_1_36' title='bbox 485 708 523 750; x_wconf 91' lang='lat' dir='ltr'><strong>an</strong></span> <span class='ocrx_word' id='word_1_37' title='bbox 538 689 624 751; x_wconf 90' lang='lat' dir='ltr'><strong>albus</strong></span> <span class='ocrx_word' id='word_1_38' title='bbox 637 689 797 750; x_wconf 75' lang='lat' dir='ltr'><strong>nascerer?</strong></span> <span class='ocrx_word' id='word_1_39' title='bbox 864 704 866 710; x_wconf 83' lang='grc'><strong>’</strong></span> 
     </span>
     <span class='ocr_line' id='line_1_7' title="bbox 101 772 769 854; baseline 0.003 -22"><span class='ocrx_word' id='word_1_40' title='bbox 101 772 162 849; x_wconf 80' lang='lat' dir='ltr'><strong>Age</strong></span> <span class='ocrx_word' id='word_1_41' title='bbox 177 791 283 852; x_wconf 89' lang='lat' dir='ltr'><strong>porro;</strong></span> <span class='ocrx_word' id='word_1_42' title='bbox 297 791 404 854; x_wconf 88' lang='lat' dir='ltr'><strong>parere</strong></span> <span class='ocrx_word' id='word_1_43' title='bbox 419 792 445 834; x_wconf 90' lang='lat' dir='ltr'><strong>sr</strong></span> <span class='ocrx_word' id='word_1_44' title='bbox 435 773 605 835; x_wconf 77' lang='lat' dir='ltr'><strong>uoluisset</strong></span> <span class='ocrx_word' id='word_1_45' title='bbox 618 774 769 844; x_wconf 82' lang='lat' dir='ltr'><strong>feminam,</strong></span> 
     </span>
    </p>

    <p class='ocr_par' dir='ltr' id='par_1_3' title="bbox 102 853 808 1020">
     <span class='ocr_line' id='line_1_8' title="bbox 102 853 808 938; baseline 0.001 -22"><span class='ocrx_word' id='word_1_46' title='bbox 102 853 179 927; x_wconf 81' lang='lat' dir='ltr'><strong>Quid</strong></span> <span class='ocrx_word' id='word_1_47' title='bbox 192 857 384 936; x_wconf 81' lang='lat' dir='ltr'><strong>profecisset,</strong></span> <span class='ocrx_word' id='word_1_48' title='bbox 400 876 492 938; x_wconf 92' lang='lat' dir='ltr'><strong>quum</strong></span> <span class='ocrx_word' id='word_1_49' title='bbox 506 876 627 919; x_wconf 87' lang='lat' dir='ltr'><strong>crearer</strong></span> <span class='ocrx_word' id='word_1_50' title='bbox 641 857 808 919; x_wconf 73' lang='lat' dir='ltr'><strong>masculus?</strong></span> 
     </span>
     <span class='ocr_line' id='line_1_9' title="bbox 102 941 735 1020; baseline 0 -19"><span class='ocrx_word' id='word_1_51' title='bbox 102 941 284 1003; x_wconf 81' lang='lat' dir='ltr'><strong>beneficium</strong></span> <span class='ocrx_word' id='word_1_52' title='bbox 298 960 438 1020; x_wconf 90' lang='lat' dir='ltr'><strong>magnum</strong></span> <span class='ocrx_word' id='word_1_53' title='bbox 453 960 523 1003; x_wconf 89' lang='lat' dir='ltr'><strong>sane</strong></span> <span class='ocrx_word' id='word_1_54' title='bbox 538 942 629 1002; x_wconf 88' lang='lat' dir='ltr'><strong>natali</strong></span> <span class='ocrx_word' id='word_1_55' title='bbox 644 942 735 1010; x_wconf 87' lang='lat' dir='ltr'><strong>dedit,</strong></span> 
     </span>
    </p>

    <p class='ocr_par' dir='ltr' id='par_1_4' title="bbox 101 1023 794 1189">
     <span class='ocr_line' id='line_1_10' title="bbox 101 1023 794 1104; baseline 0 -20"><span class='ocrx_word' id='word_1_56' title='bbox 101 1024 139 1084; x_wconf 89' lang='lat' dir='ltr'><strong>Vt</strong></span> <span class='ocrx_word' id='word_1_57' title='bbox 152 1032 356 1104; x_wconf 80' lang='lat' dir='ltr'><strong>exspectarem</strong></span> <span class='ocrx_word' id='word_1_58' title='bbox 370 1026 506 1087; x_wconf 90' lang='lat' dir='ltr'><strong>lanium</strong></span> <span class='ocrx_word' id='word_1_59' title='bbox 496 1044 530 1086; x_wconf 85' lang='lat' dir='ltr'><strong>ru</strong></span> <span class='ocrx_word' id='word_1_60' title='bbox 544 1026 633 1087; x_wconf 89' lang='lat' dir='ltr'><strong>horas</strong></span> <span class='ocrx_word' id='word_1_61' title='bbox 648 1023 794 1103; x_wconf 91' lang='lat' dir='ltr'><strong>singulas!</strong></span> 
     </span>
     <span class='ocr_line' id='line_1_11' title="bbox 102 1109 722 1189; baseline 0 -19"><span class='ocrx_word' id='word_1_62' title='bbox 102 1109 193 1170; x_wconf 87' lang='lat' dir='ltr'><strong>Cuius</strong></span> <span class='ocrx_word' id='word_1_63' title='bbox 206 1116 337 1188; x_wconf 87' lang='lat' dir='ltr'><strong>potestas</strong></span> <span class='ocrx_word' id='word_1_64' title='bbox 351 1110 430 1171; x_wconf 91' lang='lat' dir='ltr'><strong>nulla</strong></span> <span class='ocrx_word' id='word_1_65' title='bbox 444 1112 476 1171; x_wconf 92' lang='lat' dir='ltr'><strong>in</strong></span> <span class='ocrx_word' id='word_1_66' title='bbox 491 1110 640 1189; x_wconf 90' lang='lat' dir='ltr'><strong>gignendo</strong></span> <span class='ocrx_word' id='word_1_67' title='bbox 654 1109 722 1178; x_wconf 87' lang='lat' dir='ltr'><strong>luit,</strong></span> 
     </span>
    </p>

    <p class='ocr_par' dir='ltr' id='par_1_5' title="bbox 101 1191 858 1441">
     <span class='ocr_line' id='line_1_12' title="bbox 102 1191 858 1275; baseline -0.004 -20"><span class='ocrx_word' id='word_1_68' title='bbox 102 1191 163 1255; x_wconf 81' lang='lat' dir='ltr'><strong>Cur</strong></span> <span class='ocrx_word' id='word_1_69' title='bbox 176 1192 233 1254; x_wconf 88' lang='lat' dir='ltr'><strong>hac</strong></span> <span class='ocrx_word' id='word_1_70' title='bbox 247 1196 287 1254; x_wconf 89' lang='lat' dir='ltr'><strong>sit</strong></span> <span class='ocrx_word' id='word_1_71' title='bbox 300 1197 413 1275; x_wconf 92' lang='lat' dir='ltr'><strong>potior,</strong></span> <span class='ocrx_word' id='word_1_72' title='bbox 429 1212 505 1274; x_wconf 91' lang='lat' dir='ltr'><strong>qnae</strong></span> <span class='ocrx_word' id='word_1_73' title='bbox 519 1195 646 1255; x_wconf 87' lang='lat' dir='ltr'><strong>iacentis</strong></span> <span class='ocrx_word' id='word_1_74' title='bbox 660 1194 797 1254; x_wconf 89' lang='lat' dir='ltr'><strong>miserita</strong></span> <span class='ocrx_word' id='word_1_75' title='bbox 811 1199 858 1253; x_wconf 92' lang='lat' dir='ltr'><strong>est</strong></span> 
     </span>
     <span class='ocr_line' id='line_1_13' title="bbox 101 1275 820 1358; baseline 0 -22"><span class='ocrx_word' id='word_1_76' title='bbox 101 1275 282 1357; x_wconf 86' lang='lat' dir='ltr'><strong>Dulcemque</strong></span> <span class='ocrx_word' id='word_1_77' title='bbox 297 1285 402 1358; x_wconf 91' lang='lat' dir='ltr'><strong>sponte</strong></span> <span class='ocrx_word' id='word_1_78' title='bbox 416 1285 548 1358; x_wconf 90' lang='lat' dir='ltr'><strong>praestat</strong></span> <span class='ocrx_word' id='word_1_79' title='bbox 563 1276 820 1338; x_wconf 74' lang='lat' dir='ltr'><strong>benevolentiam?</strong></span> 
     </span>
     <span class='ocr_line' id='line_1_14' title="bbox 102 1359 749 1441; baseline 0 -21"><span class='ocrx_word' id='word_1_80' title='bbox 102 1359 188 1421; x_wconf 81' lang='lat' dir='ltr'><strong>Facit</strong></span> <span class='ocrx_word' id='word_1_81' title='bbox 200 1370 339 1441; x_wconf 87' lang='lat' dir='ltr'><strong>parentes</strong></span> <span class='ocrx_word' id='word_1_82' title='bbox 354 1362 486 1431; x_wconf 89' lang='lat' dir='ltr'><strong>bonitas,</strong></span> <span class='ocrx_word' id='word_1_83' title='bbox 502 1380 562 1422; x_wconf 92' lang='lat' dir='ltr'><strong>non</strong></span> <span class='ocrx_word' id='word_1_84' title='bbox 577 1363 749 1423; x_wconf 77' lang='lat' dir='ltr'><strong>necessitas.</strong></span> 
     </span>
    </p>
   </div>
   <div class='ocr_carea' id='block_1_3' title="bbox 102 1444 794 1608">
    <p class='ocr_par' dir='ltr' id='par_1_6' title="bbox 102 1444 794 1608">
     <span class='ocr_line' id='line_1_15' title="bbox 144 1444 794 1507; baseline 0 -2"><span class='ocrx_word' id='word_1_85' title='bbox 144 1445 198 1506; x_wconf 86' lang='lat' dir='ltr'><strong>llis</strong></span> <span class='ocrx_word' id='word_1_86' title='bbox 213 1446 418 1507; x_wconf 84' lang='lat' dir='ltr'><strong>demonstrare</strong></span> <span class='ocrx_word' id='word_1_87' title='bbox 432 1445 526 1506; x_wconf 87' lang='lat' dir='ltr'><strong>voluit</strong></span> <span class='ocrx_word' id='word_1_88' title='bbox 539 1453 643 1507; x_wconf 82' lang='lat' dir='ltr'><strong>auctor</strong></span> <span class='ocrx_word' id='word_1_89' title='bbox 656 1444 794 1506; x_wconf 81' lang='lat' dir='ltr'><strong>versibus</strong></span> 
     </span>
     <span class='ocr_line' id='line_1_16' title="bbox 102 1528 779 1608; baseline -0.001 -18"><span class='ocrx_word' id='word_1_90' title='bbox 102 1528 257 1591; x_wconf 81' lang='lat' dir='ltr'><strong>Obsistere</strong></span> <span class='ocrx_word' id='word_1_91' title='bbox 271 1530 407 1592; x_wconf 90' lang='lat' dir='ltr'><strong>homines</strong></span> <span class='ocrx_word' id='word_1_92' title='bbox 420 1529 554 1608; x_wconf 89' lang='lat' dir='ltr'><strong>legibus,</strong></span> <span class='ocrx_word' id='word_1_93' title='bbox 569 1531 688 1590; x_wconf 90' lang='lat' dir='ltr'><strong>meritis</strong></span> <span class='ocrx_word' id='word_1_94' title='bbox 702 1531 779 1608; x_wconf 90' lang='lat' dir='ltr'><strong>capi.</strong></span> 
     </span>
    </p>
   </div>
   <div class='ocr_carea' id='block_1_4' title="bbox 370 1713 799 1894">
    <p class='ocr_par' dir='ltr' id='par_1_7' title="bbox 370 1713 799 1894">
     <span class='ocr_line' id='line_1_17' title="bbox 439 1713 734 1776; baseline -0.007 -2"><span class='ocrx_word' id='word_1_95' title='bbox 439 1714 632 1776; x_wconf 80' lang='lat' dir='ltr'>FABVLA</span> <span class='ocrx_word' id='word_1_96' title='bbox 652 1713 734 1773; x_wconf 81' lang='lat' dir='ltr'><strong>XVI.</strong></span> 
     </span>
     <span class='ocr_line' id='line_1_18' title="bbox 370 1827 799 1894; baseline -0.005 -12"><span class='ocrx_word' id='word_1_97' title='bbox 370 1829 528 1882; x_wconf 72' lang='lat' dir='ltr'><strong>monna</strong></span> <span class='ocrx_word' id='word_1_98' title='bbox 543 1827 598 1880; x_wconf 82' lang='lat' dir='ltr'><strong>uu</strong></span> <span class='ocrx_word' id='word_1_99' title='bbox 613 1827 799 1894; x_wconf 75' lang='lat' dir='ltr'><strong>nocuus.</strong></span> 
     </span>
    </p>
   </div>
   <div class='ocr_carea' id='block_1_5' title="bbox 99 1948 960 3543">
    <p class='ocr_par' dir='ltr' id='par_1_8' title="bbox 103 1948 746 2114">
     <span class='ocr_line' id='line_1_19' title="bbox 144 1948 746 2030; baseline 0.002 -23"><span class='ocrx_word' id='word_1_100' title='bbox 144 1948 329 2011; x_wconf 71' lang='lat' dir='ltr'><strong>Humanitati</strong></span> <span class='ocrx_word' id='word_1_101' title='bbox 344 1951 396 2030; x_wconf 91' lang='lat' dir='ltr'><strong>qui</strong></span> <span class='ocrx_word' id='word_1_102' title='bbox 412 1967 443 2012; x_wconf 87' lang='lat' dir='ltr'><strong>se</strong></span> <span class='ocrx_word' id='word_1_103' title='bbox 458 1967 518 2010; x_wconf 93' lang='lat' dir='ltr'><strong>non</strong></span> <span class='ocrx_word' id='word_1_104' title='bbox 533 1948 746 2018; x_wconf 86' lang='lat' dir='ltr'><strong>accommodat,</strong></span> 
     </span>
     <span class='ocr_line' id='line_1_20' title="bbox 103 2031 719 2114; baseline -0.002 -22"><span class='ocrx_word' id='word_1_105' title='bbox 103 2031 281 2113; x_wconf 88' lang='lat' dir='ltr'><strong>Plerumque</strong></span> <span class='ocrx_word' id='word_1_106' title='bbox 296 2052 408 2114; x_wconf 90' lang='lat' dir='ltr'><strong>poenas</strong></span> <span class='ocrx_word' id='word_1_107' title='bbox 422 2036 537 2114; x_wconf 90' lang='lat' dir='ltr'><strong>oppetit</strong></span> <span class='ocrx_word' id='word_1_108' title='bbox 550 2031 719 2113; x_wconf 85' lang='lat' dir='ltr'><strong>superbiae.</strong></span> 
     </span>
    </p>

    <p class='ocr_par' dir='ltr' id='par_1_9' title="bbox 103 2116 960 2784">
     <span class='ocr_line' id='line_1_21' title="bbox 145 2116 725 2179; baseline -0.002 -3"><span class='ocrx_word' id='word_1_109' title='bbox 145 2116 253 2177; x_wconf 85' lang='lat' dir='ltr'><strong>Cicada</strong></span> <span class='ocrx_word' id='word_1_110' title='bbox 267 2117 409 2179; x_wconf 91' lang='lat' dir='ltr'><strong>acerbum</strong></span> <span class='ocrx_word' id='word_1_111' title='bbox 422 2125 548 2178; x_wconf 89' lang='lat' dir='ltr'><strong>noctuae</strong></span> <span class='ocrx_word' id='word_1_112' title='bbox 563 2117 725 2177; x_wconf 85' lang='lat' dir='ltr'><strong>convitium</strong></span> 
     </span>
     <span class='ocr_line' id='line_1_22' title="bbox 103 2198 863 2278; baseline -0.003 -18"><span class='ocrx_word' id='word_1_113' title='bbox 103 2199 259 2271; x_wconf 79' lang='lat' dir='ltr'><strong>Faciebat,</strong></span> <span class='ocrx_word' id='word_1_114' title='bbox 276 2201 380 2262; x_wconf 82' lang='lat' dir='ltr'><strong>solitae</strong></span> <span class='ocrx_word' id='word_1_115' title='bbox 394 2203 505 2262; x_wconf 87' lang='lat' dir='ltr'><strong>victum</strong></span> <span class='ocrx_word' id='word_1_116' title='bbox 520 2203 552 2261; x_wconf 91' lang='lat' dir='ltr'><strong>in</strong></span> <span class='ocrx_word' id='word_1_117' title='bbox 567 2198 703 2261; x_wconf 89' lang='lat' dir='ltr'><strong>tenebris</strong></span> <span class='ocrx_word' id='word_1_118' title='bbox 717 2215 863 2278; x_wconf 89' lang='lat' dir='ltr'><strong>quaerere</strong></span> 
     </span>
     <span class='ocr_line' id='line_1_23' title="bbox 104 2281 765 2364; baseline -0.003 -19"><span class='ocrx_word' id='word_1_119' title='bbox 104 2283 239 2363; x_wconf 86' lang='lat' dir='ltr'><strong>Cavoque</strong></span> <span class='ocrx_word' id='word_1_120' title='bbox 253 2302 337 2346; x_wconf 91' lang='lat' dir='ltr'><strong>ramo</strong></span> <span class='ocrx_word' id='word_1_121' title='bbox 351 2302 458 2364; x_wconf 88' lang='lat' dir='ltr'><strong>capere</strong></span> <span class='ocrx_word' id='word_1_122' title='bbox 474 2300 609 2344; x_wconf 91' lang='lat' dir='ltr'><strong>somnum</strong></span> <span class='ocrx_word' id='word_1_123' title='bbox 623 2281 765 2343; x_wconf 90' lang='lat' dir='ltr'><strong>interdiu</strong></span> 
     </span>
     <span class='ocr_line' id='line_1_24' title="bbox 103 2367 738 2445; baseline 0 -18"><span class='ocrx_word' id='word_1_124' title='bbox 103 2368 215 2445; x_wconf 84' lang='lat' dir='ltr'><strong>Rogata</strong></span> <span class='ocrx_word' id='word_1_125' title='bbox 230 2375 290 2439; x_wconf 87' lang='lat' dir='ltr'><strong>est,</strong></span> <span class='ocrx_word' id='word_1_126' title='bbox 305 2376 340 2430; x_wconf 93' lang='lat' dir='ltr'><strong>ut</strong></span> <span class='ocrx_word' id='word_1_127' title='bbox 353 2375 476 2431; x_wconf 89' lang='lat' dir='ltr'><strong>taceret</strong></span> <span class='ocrx_word' id='word_1_128' title='bbox 506 2367 597 2428; x_wconf 88' lang='lat' dir='ltr'><strong>Multo</strong></span> <span class='ocrx_word' id='word_1_129' title='bbox 611 2367 738 2428; x_wconf 87' lang='lat' dir='ltr'><strong>validius</strong></span> 
     </span>
     <span class='ocr_line' id='line_1_25' title="bbox 103 2452 740 2552; baseline -0.006 -38"><span class='ocrx_word' id='word_1_130' title='bbox 103 2452 238 2514; x_wconf 83' lang='lat' dir='ltr'><strong>Clamare</strong></span> <span class='ocrx_word' id='word_1_131' title='bbox 252 2455 361 2552; x_wconf 88' lang='lat' dir='ltr'><strong>coepit.</strong></span> <span class='ocrx_word' id='word_1_132' title='bbox 390 2453 506 2514; x_wconf 87' lang='lat' dir='ltr'><strong>Rursus</strong></span> <span class='ocrx_word' id='word_1_133' title='bbox 520 2452 637 2512; x_wconf 88' lang='lat' dir='ltr'><strong>admota</strong></span> <span class='ocrx_word' id='word_1_134' title='bbox 651 2469 740 2530; x_wconf 90' lang='lat' dir='ltr'><strong>prece</strong></span> 
     </span>
     <span class='ocr_line' id='line_1_26' title="bbox 104 2533 766 2614; baseline -0.006 -17"><span class='ocrx_word' id='word_1_135' title='bbox 104 2538 233 2597; x_wconf 74' lang='lat' dir='ltr'><strong>Accensa</strong></span> <span class='ocrx_word' id='word_1_136' title='bbox 248 2539 344 2614; x_wconf 90' lang='lat' dir='ltr'><strong>magis</strong></span> <span class='ocrx_word' id='word_1_137' title='bbox 357 2544 413 2597; x_wconf 89' lang='lat' dir='ltr'><strong>est</strong></span> <span class='ocrx_word' id='word_1_138' title='bbox 442 2535 556 2597; x_wconf 90' lang='lat' dir='ltr'><strong>Noctua</strong></span> <span class='ocrx_word' id='word_1_139' title='bbox 571 2543 604 2595; x_wconf 94' lang='lat' dir='ltr'><strong>ut</strong></span> <span class='ocrx_word' id='word_1_140' title='bbox 617 2535 692 2594; x_wconf 83' lang='lat' dir='ltr'><strong>vidit</strong></span> <span class='ocrx_word' id='word_1_141' title='bbox 707 2533 766 2594; x_wconf 92' lang='lat' dir='ltr'><strong>sibi</strong></span> 
     </span>
     <span class='ocr_line' id='line_1_27' title="bbox 103 2618 960 2688; baseline -0.004 -8"><span class='ocrx_word' id='word_1_142' title='bbox 103 2619 223 2680; x_wconf 91' lang='lat' dir='ltr'><strong>Nullum</strong></span> <span class='ocrx_word' id='word_1_143' title='bbox 238 2638 302 2682; x_wconf 87' lang='lat' dir='ltr'><strong>esse</strong></span> <span class='ocrx_word' id='word_1_144' title='bbox 317 2620 460 2682; x_wconf 86' lang='lat' dir='ltr'><strong>auxilium</strong></span> <span class='ocrx_word' id='word_1_145' title='bbox 475 2626 506 2680; x_wconf 90' lang='lat' dir='ltr'><strong>et</strong></span> <span class='ocrx_word' id='word_1_146' title='bbox 519 2618 610 2679; x_wconf 87' lang='lat' dir='ltr'><strong>verba</strong></span> <span class='ocrx_word' id='word_1_147' title='bbox 625 2620 775 2679; x_wconf 88' lang='lat' dir='ltr'><strong>contemni</strong></span> <span class='ocrx_word' id='word_1_148' title='bbox 791 2635 854 2688; x_wconf 91' lang='lat' dir='ltr'><strong>sua,</strong></span> <span class='ocrx_word' id='word_1_149' title='bbox 959 2681 960 2684; x_wconf 51' lang='lat'><strong>,</strong></span> 
     </span>
     <span class='ocr_line' id='line_1_28' title="bbox 103 2703 688 2784; baseline -0.004 -20"><span class='ocrx_word' id='word_1_150' title='bbox 103 2704 165 2764; x_wconf 87' lang='lat' dir='ltr'><strong>Hac</strong></span> <span class='ocrx_word' id='word_1_151' title='bbox 179 2711 225 2765; x_wconf 92' lang='lat' dir='ltr'><strong>est</strong></span> <span class='ocrx_word' id='word_1_152' title='bbox 239 2704 377 2783; x_wconf 84' lang='lat' dir='ltr'><strong>adgressa</strong></span> <span class='ocrx_word' id='word_1_153' title='bbox 391 2703 542 2784; x_wconf 83' lang='lat' dir='ltr'><strong>garrulam</strong></span> <span class='ocrx_word' id='word_1_154' title='bbox 556 2703 688 2763; x_wconf 85' lang='lat' dir='ltr'><strong>fallacia·</strong></span> 
     </span>
    </p>

    <p class='ocr_par' dir='ltr' id='par_1_10' title="bbox 103 2786 830 3119">
     <span class='ocr_line' id='line_1_29' title="bbox 103 2786 764 2868; baseline -0.005 -20"><span class='ocrx_word' id='word_1_155' title='bbox 103 2787 240 2849; x_wconf 89' lang='lat' dir='ltr'><strong>Dormire</strong></span> <span class='ocrx_word' id='word_1_156' title='bbox 254 2791 325 2868; x_wconf 90' lang='lat' dir='ltr'><strong>quia</strong></span> <span class='ocrx_word' id='word_1_157' title='bbox 338 2807 386 2850; x_wconf 91' lang='lat' dir='ltr'><strong>me</strong></span> <span class='ocrx_word' id='word_1_158' title='bbox 401 2808 461 2850; x_wconf 90' lang='lat' dir='ltr'><strong>non</strong></span> <span class='ocrx_word' id='word_1_159' title='bbox 476 2790 578 2848; x_wconf 91' lang='lat' dir='ltr'><strong>sinunt</strong></span> <span class='ocrx_word' id='word_1_160' title='bbox 591 2793 697 2847; x_wconf 82' lang='lat' dir='ltr'><strong>cantus</strong></span> <span class='ocrx_word' id='word_1_161' title='bbox 711 2786 764 2854; x_wconf 91' lang='lat' dir='ltr'><strong>tui,</strong></span> 
     </span>
     <span class='ocr_line' id='line_1_30' title="bbox 104 2869 733 2953; baseline -0.005 -21"><span class='ocrx_word' id='word_1_162' title='bbox 104 2872 216 2932; x_wconf 91' lang='lat' dir='ltr'><strong>Sonare</strong></span> <span class='ocrx_word' id='word_1_163' title='bbox 231 2873 376 2934; x_wconf 92' lang='lat' dir='ltr'><strong>citharam</strong></span> <span class='ocrx_word' id='word_1_164' title='bbox 390 2889 465 2953; x_wconf 92' lang='lat' dir='ltr'><strong>qnos</strong></span> <span class='ocrx_word' id='word_1_165' title='bbox 478 2878 566 2950; x_wconf 91' lang='lat' dir='ltr'><strong>putes</strong></span> <span class='ocrx_word' id='word_1_166' title='bbox 580 2869 733 2948; x_wconf 73' lang='lat' dir='ltr'><strong>Apollinis,</strong></span> 
     </span>
     <span class='ocr_line' id='line_1_31' title="bbox 103 2952 830 3033; baseline -0.004 -16"><span class='ocrx_word' id='word_1_167' title='bbox 103 2956 272 3017; x_wconf 89' lang='lat' dir='ltr'><strong>Potaret</strong></span> <span class='ocrx_word' id='word_1_168' title='bbox 226 2964 272 3018; x_wconf 88' lang='lat' dir='ltr'><strong>est</strong></span> <span class='ocrx_word' id='word_1_169' title='bbox 286 2959 404 3018; x_wconf 88' lang='lat' dir='ltr'><strong>animus</strong></span> <span class='ocrx_word' id='word_1_170' title='bbox 418 2963 534 3024; x_wconf 87' lang='lat' dir='ltr'><strong>nectar,</strong></span> <span class='ocrx_word' id='word_1_171' title='bbox 550 2954 629 3033; x_wconf 93' lang='lat' dir='ltr'><strong>quod</strong></span> <span class='ocrx_word' id='word_1_172' title='bbox 644 2952 740 3014; x_wconf 88' lang='lat' dir='ltr'><strong>Pallas</strong></span> <span class='ocrx_word' id='word_1_173' title='bbox 754 2952 830 3016; x_wconf 87' lang='lat' dir='ltr'><strong>mibi</strong></span> 
     </span>
     <span class='ocr_line' id='line_1_32' title="bbox 104 3037 717 3119; baseline -0.003 -19"><span class='ocrx_word' id='word_1_174' title='bbox 104 3040 206 3119; x_wconf 89' lang='lat' dir='ltr'><strong>Nuper</strong></span> <span class='ocrx_word' id='word_1_175' title='bbox 220 3042 355 3113; x_wconf 83' lang='lat' dir='ltr'><strong>donavit;</strong></span> <span class='ocrx_word' id='word_1_176' title='bbox 371 3044 397 3102; x_wconf 89' lang='lat' dir='ltr'><strong>si</strong></span> <span class='ocrx_word' id='word_1_177' title='bbox 411 3059 471 3101; x_wconf 91' lang='lat' dir='ltr'><strong>non</strong></span> <span class='ocrx_word' id='word_1_178' title='bbox 485 3037 617 3109; x_wconf 80' lang='lat' dir='ltr'><strong>fastidis,</strong></span> <span class='ocrx_word' id='word_1_179' title='bbox 633 3041 717 3108; x_wconf 87' lang='lat' dir='ltr'><strong>veni;</strong></span> 
     </span>
    </p>

    <p class='ocr_par' dir='ltr' id='par_1_11' title="bbox 103 3122 713 3204">
     <span class='ocr_line' id='line_1_33' title="bbox 103 3122 713 3204; baseline 0.005 -20"><span class='ocrx_word' id='word_1_180' title='bbox 103 3124 167 3184; x_wconf 91' lang='lat' dir='ltr'><strong>Vna</strong></span> <span class='ocrx_word' id='word_1_181' title='bbox 181 3122 329 3186; x_wconf 88' lang='lat' dir='ltr'><strong>bibamus.</strong></span> <span class='ocrx_word' id='word_1_182' title='bbox 360 3125 428 3195; x_wconf 90' lang='lat' dir='ltr'><strong>llla,</strong></span> <span class='ocrx_word' id='word_1_183' title='bbox 444 3141 520 3204; x_wconf 89' lang='lat' dir='ltr'><strong>quae</strong></span> <span class='ocrx_word' id='word_1_184' title='bbox 536 3122 639 3184; x_wconf 90' lang='lat' dir='ltr'><strong>arebat</strong></span> <span class='ocrx_word' id='word_1_185' title='bbox 653 3124 713 3190; x_wconf 86' lang='lat' dir='ltr'><strong>siti,</strong></span> 
     </span>
    </p>

    <p class='ocr_par' dir='ltr' id='par_1_12' title="bbox 99 3207 781 3543">
     <span class='ocr_line' id='line_1_34' title="bbox 106 3207 706 3286; baseline -0.005 -18"><span class='ocrx_word' id='word_1_186' title='bbox 106 3208 201 3268; x_wconf 92' lang='lat' dir='ltr'><strong>Simul</strong></span> <span class='ocrx_word' id='word_1_187' title='bbox 216 3211 353 3286; x_wconf 85' lang='lat' dir='ltr'><strong>cognovit</strong></span> <span class='ocrx_word' id='word_1_188' title='bbox 365 3226 467 3270; x_wconf 81' lang='lat' dir='ltr'><strong>vocem</strong></span> <span class='ocrx_word' id='word_1_189' title='bbox 481 3207 597 3268; x_wconf 90' lang='lat' dir='ltr'><strong>laudari</strong></span> <span class='ocrx_word' id='word_1_190' title='bbox 611 3223 706 3286; x_wconf 85' lang='lat' dir='ltr'><strong>suam,</strong></span> 
     </span>
     <span class='ocr_line' id='line_1_35' title="bbox 105 3292 781 3371; baseline -0.004 -19"><span class='ocrx_word' id='word_1_191' title='bbox 105 3292 218 3371; x_wconf 85' lang='lat' dir='ltr'><strong>Cupide</strong></span> <span class='ocrx_word' id='word_1_192' title='bbox 233 3292 386 3355; x_wconf 91' lang='lat' dir='ltr'><strong>advolavit.</strong></span> <span class='ocrx_word' id='word_1_193' title='bbox 416 3293 530 3354; x_wconf 89' lang='lat' dir='ltr'><strong>Noctua</strong></span> <span class='ocrx_word' id='word_1_194' title='bbox 545 3307 664 3368; x_wconf 90' lang='lat' dir='ltr'><strong>egressa</strong></span> <span class='ocrx_word' id='word_1_195' title='bbox 679 3307 695 3348; x_wconf 92' lang='lat' dir='ltr'><strong>e</strong></span> <span class='ocrx_word' id='word_1_196' title='bbox 711 3306 781 3349; x_wconf 87' lang='lat' dir='ltr'><strong>cavo</strong></span> 
     </span>
     <span class='ocr_line' id='line_1_36' title="bbox 105 3371 780 3457; baseline -0.004 -22"><span class='ocrx_word' id='word_1_197' title='bbox 105 3375 317 3457; x_wconf 89' lang='lat' dir='ltr'><strong>Trepidantem</strong></span> <span class='ocrx_word' id='word_1_198' title='bbox 331 3384 498 3438; x_wconf 85' lang='lat' dir='ltr'><strong>consectata</strong></span> <span class='ocrx_word' id='word_1_199' title='bbox 513 3381 559 3435; x_wconf 92' lang='lat' dir='ltr'><strong>est</strong></span> <span class='ocrx_word' id='word_1_200' title='bbox 573 3381 603 3433; x_wconf 91' lang='lat' dir='ltr'><strong>et</strong></span> <span class='ocrx_word' id='word_1_201' title='bbox 616 3372 676 3434; x_wconf 92' lang='lat' dir='ltr'><strong>leto</strong></span> <span class='ocrx_word' id='word_1_202' title='bbox 692 3371 780 3435; x_wconf 82' lang='lat' dir='ltr'><strong>dedit.</strong></span> 
     </span>
     <span class='ocr_line' id='line_1_37' title="bbox 99 3458 721 3543; baseline -0.003 -25"><span class='ocrx_word' id='word_1_203' title='bbox 99 3459 153 3520; x_wconf 86' lang='lat' dir='ltr'><strong>Sic</strong></span> <span class='ocrx_word' id='word_1_204' title='bbox 168 3463 233 3522; x_wconf 75' lang='lat' dir='ltr'><strong>riva</strong></span> <span class='ocrx_word' id='word_1_205' title='bbox 248 3462 327 3543; x_wconf 90' lang='lat' dir='ltr'><strong>quod</strong></span> <span class='ocrx_word' id='word_1_206' title='bbox 341 3467 465 3541; x_wconf 86' lang='lat' dir='ltr'><strong>negarat</strong></span> <span class='ocrx_word' id='word_1_207' title='bbox 478 3458 586 3521; x_wconf 89' lang='lat' dir='ltr'><strong>tribuit</strong></span> <span class='ocrx_word' id='word_1_208' title='bbox 596 3469 721 3517; x_wconf 86' lang='lat' dir='ltr'><strong>mortua.</strong></span> 
     </span>
    </p>
   </div>
   <div class='ocr_carea' id='block_1_6' title="bbox 0 0 1182 3840">
    <p class='ocr_par' dir='ltr' id='par_1_13' title="bbox 0 0 1182 3840">
     <span class='ocr_line' id='line_1_38' title="bbox 0 0 1182 3840; baseline 0 0"><span class='ocrx_word' id='word_1_209' title='bbox 0 0 1182 3840; x_wconf 95' lang='lat' dir='ltr'><strong> </strong></span> 
     </span>
    </p>
   </div>
  </div>
 </body>
</html>
