2346 3840
162 228 200 277 v1
362 217 411 274 DE
424 218 587 277 PHAEDRI
600 219 689 276 VITA
702 221 749 276 ET
763 220 930 278 SCRIPTIS.

163 366 312 428 stantibus
330 370 455 446 rogavit.
499 367 581 430 ldem
601 377 700 431 tamen
720 373 856 432 insecuto
877 377 1011 450 tempore
1033 390 1050 432 a
1070 391 1122 432 no-

162 453 279 512 xiorum
300 454 421 514 iniuriis
440 459 521 515 tutus
541 460 572 514 et
591 471 659 515 cum
678 454 788 515 nullius
808 461 929 533 praeter
947 456 1057 516 famam
1076 458 1122 516 rei

163 543 242 596 esset
262 536 389 616 cupidus
409 539 481 598 satis
500 537 606 599 heatus
629 537 748 599 videtur
766 541 876 599 vixisse
896 556 952 599 nec
972 542 1032 600 nisi
1053 559 1122 619 pro·

162 625 246 680 11111
265 627 360 680 aetate
381 620 491 682 obisse.
535 621 649 683 Nomen
670 623 702 681 11
723 624 900 700 antiquitate
923 640 957 683 ac
977 641 1033 702 per
1053 641 1121 702 pro-

161 705 241 763 xima
267 704 385 765 saecula
411 705 489 766 haud
509 708 552 766 ita
572 722 728 782 magnum,
756 709 873 767 auctius
899 706 985 783 longe
1007 710 1122 767 recenti

161 792 296 867 tempore
317 790 455 867 optinuit.
499 789 673 868 Aequalium
694 791 760 850 eius
784 795 818 850 ut
837 789 972 851 libertini
999 792 1122 868 ingenio

163 869 394 933 obtrectandum
413 873 556 933 invidiam
575 873 736 951 plurimum
752 875 835 952 carpi
850 880 964 934 eonstat
986 873 1024 934 ab
1044 877 1120 953 ipso.

162 954 301 1016 Ceterum
322 955 358 1016 de
379 958 439 1017 1111
460 963 490 1015 11
509 955 630 1016 casibus
649 958 715 1016 eius
728 975 797 1017 cum
812 955 883 1016 alibi
904 957 980 1017 nihil
1000 959 1039 1018 sit
1059 965 1121 1017 tra·

162 1038 257 1183 ditunlq
278 1040 456 1118 antiquitus,
478 1039 619 1120 quiequid
639 1041 770 1100 innotuit
788 1041 885 1118 ipsius
899 1039 1040 1100 docemur
1055 1059 1120 1101 ear-

161 1139 235 1183 mrnr
258 1141 304 1182 us.

225 1206 353 1286 Scripsit
381 1212 480 1269 autem
507 1209 654 1286 Aesopum
682 1214 803 1268 secutus
830 1206 999 1269 fabularum
1027 1208 1121 1269 libros

161 1292 307 1369 quinque,
334 1291 481 1370 equibus
505 1299 606 1352 tamen
626 1299 671 1352 sat
691 1292 799 1352 multas
820 1291 1010 1353 intercidisse
1032 1310 1121 1371 appa·

161 1381 209 1433 ret
232 1392 292 1435 non
316 1375 404 1435 modo
425 1374 539 1439 Perotti
563 1377 657 1454 eopiis
678 1375 730 1455 qui
751 1375 850 1436 medio
873 1375 990 1436 saeculo
1016 1379 1121 1455 quinto

162 1457 278 1518 decimo
296 1476 369 1519 usus
382 1457 555 1520 membrana
576 1458 769 1537 locupletiore
790 1458 886 1520 XXXI
906 1465 1041 1539 poemata
1057 1478 1120 1520 ser·

160 1543 239 1602 11111
262 1561 339 1622 quae
365 1561 426 1604 non
450 1545 643 1622 reperiuntur
667 1545 700 1604 11
726 1542 881 1604 codicibus
900 1543 1064 1604 Pithoeano
1091 1550 1121 1603 et

160 1625 301 1686 Remensi
321 1626 374 1687 sed
395 1633 425 1687 et
443 1626 560 1687 Romuli
581 1634 612 1686 et
631 1628 770 1704 anonymi
791 1626 946 1687 cuiusdam
965 1624 1120 1705 (111111111-

160 1727 233 1769 num
256 1709 343 1786 vulgo
369 1709 550 1790 nuncupant)
581 1709 724 1788 exemplis
749 1711 802 1788 qui
827 1709 975 1790 apologos
992 1710 1120 1770 Phaedri

161 1793 318 1872 plerosque
335 1795 369 1854 11
382 1793 552 1872 pedestrem
565 1795 714 1854 resolvere
729 1811 906 1854 sermonem.
939 1793 1008 1854 Ε11
1023 1796 1121 1872 primo

40 1943 42 1946 ,
160 1876 261 1938 libello
287 1877 432 1956 quaedam
455 1879 572 1956 perisse
600 1879 696 1957 ipsius
725 1884 830 1956 poetae
859 1878 1031 1938 testimonio
1068 1878 1119 1937 ad·

161 1963 303 2030 struitur,
324 1963 435 2040 quippe
454 1963 505 2040 qui
521 1968 623 2022 narret
637 1962 669 2022 in
684 1978 720 2021 eo
735 1962 825 2021 etiam
840 1960 964 2021 arbores
979 1979 1045 2022 esse
1060 1961 1120 2022 col·

160 2045 288 2124 locutas,
311 2047 398 2106 euius
418 2063 498 2106 nunc
520 2046 641 2124 quidem
661 2045 707 2105 rei
725 2062 782 2104 nec
801 2044 866 2105 vola
886 2062 942 2105 nec
962 2046 1121 2121 vestigium

161 2136 250 2190 extat.
293 2129 452 2205 Praeterea
476 2128 640 2190 secundum
659 2128 796 2187 volumen
816 2134 846 2188 et
867 2129 1003 2206 quintum
1025 2126 1120 2206 pluri·

160 2230 242 2272 mum
262 2210 339 2272 labis
360 2213 484 2272 traxisse
505 2213 570 2290 ipsa
591 2213 740 2290 paucitate
761 2209 936 2272 tabellarum
959 2211 1119 2271 indicatur.

161 2295 309 2375 Opusoula
330 2295 443 2356 Perotti
463 2297 545 2355 curis
565 2301 680 2355 servata
700 2293 779 2373 quod
800 2294 920 2374 quidam
936 2302 1119 2371 negaverunt

161 2397 227 2440 esse
241 2378 384 2449 Phaedri,
405 2379 480 2439 mihi
500 2378 622 2458 quidem
642 2397 701 2438 non
722 2396 810 2439 ovum
824 2396 879 2438 111
895 2378 1023 2440 similius
1037 2379 1119 2438 vide·

160 2470 210 2524 tur
230 2481 319 2542 quam
337 2462 388 2524 illa
408 2463 534 2541 reliquis
554 2461 590 2522 de
605 2461 715 2541 quihus
729 2479 789 2522 non
804 2460 973 2533 dubitatur,
996 2464 1057 2523 sive
1072 2481 1119 2522 ra·

160 2549 258 2607 tiones
278 2547 443 2607 carminum
458 2547 615 2624 spectaris,
637 2547 699 2606 sive
716 2545 881 2606 dictionum
895 2552 1119 2625 metrorumque

160 2632 369 2709 proprietates.
420 2629 495 2692 Puto
524 2636 624 2690 autem
651 2629 805 2692 Perottum
833 2647 920 2690 usum
949 2629 1120 2710 apographo

159 2713 295 2775 mutilato
324 2713 436 2774 codicis
465 2714 618 2793 archetypi
647 2712 794 2774 librorum
819 2712 977 2774 Remensis
1006 2731 1040 2774 ac
1069 2714 1119 2773 Pi·

160 2798 298 2867 thoeani,
328 2802 391 2858 tum
419 2798 554 2858 coniecto
583 2814 650 2857 cum
679 2804 758 2858 esset
786 2797 904 2874 integer
930 2797 991 2857 1111.
1036 2796 1118 2856 Vnde

159 2880 247 2942 facile
263 2880 429 2959 explicatur
444 2880 522 2960 quod
537 2882 674 2941 traiectis
689 2888 801 2942 temere
822 2879 937 2950 verbis,
959 2882 1032 2940 vitio
1048 2882 1120 2940 satis

160 2965 320 3042 singulari,
344 2982 434 3043 saepe
454 2971 485 3026 ct
505 2966 537 3025 11
557 2964 660 3024 1111111
681 2967 759 3025 etin
774 2964 895 3025 Gallicis
915 2963 1002 3024 libris
1016 2963 1118 3024 turha·

47 3057 50 3065 '
160 3057 233 3110 tum.
277 3047 336 3108 Sed
351 3048 387 3109 de
403 3048 458 3108 hac
472 3066 506 3109 re
521 3047 617 3108 dicam
632 3047 713 3109 alibi.
757 3048 896 3109 Ceterum
918 3066 1119 3127 eorumquae

160 3139 287 3195 aetatem
306 3131 403 3192 tulere
424 3132 638 3210 exemplarium
657 3133 717 3192 lata
739 3134 790 3210 qui
812 3130 950 3210 pluribus
969 3129 1048 3192 11111
1070 3149 1118 3191 11·
1132 3134 1150 3170 “·

159 3234 321 3293 gnoscere,
356 3217 489 3276 inveniet
511 3215 588 3294 apud
611 3214 755 3276 Orellium
779 3217 812 3275 11
837 3215 968 3275 editione
990 3213 1118 3275 Phaedri
1147 3228 1151 3257 1

160 3299 263 3360 'surici
280 3299 402 3398 'vulgata
428 3295 558 3360 11831
586 3307 616 3361 11
636 3300 763 3378 repetita
790 3301 1025 3376 proximoanno
1051 3317 1119 3359 eum

160 3384 443 3545 aprerrllceXigendis
463 3466 700 3547 adornandisque
719 3465 843 3547 fabulis,
864 3484 938 3545 quas
958 3467 1067 3543 partim
1082 3484 1121 3526 ex
