2346 3840
305 239 355 296 DE
368 239 531 295 PHAEDRI
544 236 632 293 VITA
645 235 693 291 ΕΤ
707 233 873 292 scurrula
1028 243 1069 292 XI

169 387 275 450 Restat
293 394 327 448 ut
348 387 493 466 quaedam
512 387 656 447 memoria
677 403 736 446 non
751 385 872 461 indigna
887 381 1023 443 hocloco
1037 382 1068 442 in

107 481 299 553 conspectum
314 471 505 532 adducamus.
547 470 644 530 Fuere
659 476 758 529 autern
773 468 848 529 haec
861 467 1068 548 potissimum:

107 606 232 668 antehac
246 604 302 675 lII,
320 603 353 676 1,
368 601 389 666 6
404 604 656 684 pronuntiandum
671 603 824 664 ‘anthac’.

106 688 267 751 benficium
281 707 336 769 pro
351 688 497 749 beneficio
512 688 539 758 l,
554 684 611 758 22,
627 683 657 749 8.
686 686 728 747 llI
747 686 818 767 epil.
834 681 884 748 18.

107 773 273 834 corcodilus
287 791 342 851 pro
357 772 505 832 crocodilo
520 771 547 840 l,
563 767 620 841 25,
635 767 667 832 4.
684 767 715 831 6.

107 857 178 917 dein
193 873 311 934 semper
325 855 570 934 monosyllabum.

107 939 215 1001 deinde
230 956 349 1018 semper
363 937 550 1018 disyllabum.

107 1024 178 1084 ditis
192 1042 249 1102 pro
264 1023 365 1084 divitis
379 1041 447 1102 app.
465 1018 519 1092 14,
535 1018 566 1082 6.

108 1108 222 1169 diutius
235 1106 263 1177 l,
278 1103 313 1177 2,
331 1102 381 1167 16.
413 1108 455 1166 ita
470 1123 589 1185 semper
603 1123 707 1167 omnes
721 1111 838 1184 poetae.

108 1197 210 1252 -erunt
223 1191 352 1270 perlecti
367 1207 456 1269 saepe
471 1191 598 1269 corripit
611 1189 774 1251 Phaedrus.

107 1276 185 1336 lame
199 1291 331 1353 semper,
352 1291 412 1333 non
427 1272 513 1333 lamb.

107 1359 252 1420 fortuitus
266 1357 307 1427 Π,
323 1354 359 1427 4,
374 1354 410 1427 4,
426 1357 464 1417 ci.
481 1357 510 1417 d.
526 1373 552 1416 r.
568 1375 608 1417 m.
624 1351 698 1430 258.

107 1440 209 1502 hercle
222 1459 282 1501 non
295 1440 418 1500 hercule
432 1439 461 1509 1,
480 1436 514 1508 1,
532 1435 582 1499 12.

108 1527 187 1585 iaeio
208 1526 241 1584 in
261 1525 435 1602 compositis
455 1530 597 1602 sequente
618 1524 629 1582 i
650 1523 758 1583 amittit
778 1525 905 1602 primam
926 1522 1068 1592 litteram,

150 1609 311 1670 itatamen
331 1613 443 1668 utnon
471 1607 652 1686 corripiatur
674 1607 751 1686 apud
772 1604 939 1667 Phaedrum
960 1606 1069 1686 syllaba

150 1692 343 1772 praecedens.

109 1778 171 1837 -ius
184 1778 349 1855 genetivus.

109 1860 190 1921 illius
203 1859 245 1921 lll
259 1858 336 1938 prol.
348 1852 400 1920 38.
430 1857 511 1920 illius
525 1859 553 1929 l,
571 1856 620 1929 14,
637 1854 672 1931 8;
695 1857 799 1920 eadem
813 1860 925 1938 passim
939 1860 971 1919 in
987 1860 1070 1919 simi·

150 1942 230 2004 libus
244 1942 479 2022 deprehenditur
496 1943 674 2003 differentia.

110 2037 171 2094 ·ius
190 2033 236 2094 vel
255 2035 319 2094 ium
333 2031 586 2094 substantivorum
600 2033 686 2093 modo
701 2033 794 2093 abicit
809 2034 932 2094 alteram
947 2035 958 2093 i
972 2036 1005 2093 in
1019 2050 1070 2111 ge·

151 2119 251 2179 netivo
265 2118 352 2178 modo
367 2119 487 2178 retinet.

108 2211 218 2273 latrare
233 2211 273 2271 cl.
289 2220 350 2270 not.
366 2209 462 2269 Bentl.
479 2210 515 2270 ad
530 2208 563 2278 V,
581 2205 630 2278 10,
647 2205 665 2270 'i
685 2216 715 2269 et
729 2209 758 2269 d.
774 2227 800 2270 r.
816 2227 855 2270 m.
871 2204 944 2270 315.

111 2294 242 2373 liquidus
255 2293 282 2362 1,
298 2288 355 2363 26,
370 2290 393 2353 4
406 2293 445 2353 cl.
462 2293 489 2352 d.
506 2312 532 2352 r.
547 2311 587 2353 m.
602 2288 675 2354 314.

72 2416 74 2421 ·
109 2378 206 2457 liquor
219 2377 248 2447 l,
266 2375 299 2446 1,
316 2372 346 2437 8.

108 2461 222 2523 locusta
236 2479 303 2540 app.
319 2457 371 2531 30,
387 2458 417 2531 7,
433 2460 471 2520 cf.
487 2460 516 2520 d.
532 2477 559 2520 r.
573 2478 613 2520 nr.
629 2455 703 2520 353.

108 2544 279 2605 mehercule
293 2545 356 2605 sive
370 2542 556 2605 mehercules
576 2561 694 2623 semper
713 2542 917 2623 trisyllabum,
939 2562 1070 2623 pronun-

150 2627 286 2688 tiandum
299 2626 430 2687 mercule
445 2634 477 2687 et
490 2627 647 2687 mercules.

108 2721 150 2779 mi
165 2736 221 2796 pro
235 2716 310 2778 mihi
324 2717 381 2788 III,
399 2713 452 2788 18,
469 2714 489 2777 9
505 2717 541 2778 al.

110 2802 198 2872 mihi,
219 2801 293 2885 tibi,
315 2800 387 2872 sibi,
409 2801 468 2872 ibi,
491 2801 544 2862 ubi
563 2801 651 2863 modo
667 2802 837 2881 producunt
850 2803 971 2863 finalem
984 2804 1071 2863 modo

151 2887 328 2964 corripiunt.

11 3037 15 3042 ,
108 2977 219 3038 miluus
232 2994 351 3056 semper
365 2978 561 3059 trisyllabum.

108 3063 212 3122 nescio
227 3062 296 3142 quis
309 3060 365 3132 lll,
382 3058 417 3133 9,
432 3059 454 3124 b
469 3064 506 3124 al.
522 3081 583 3125 uno
597 3061 741 3124 vocabulo
755 3061 955 3135 efferendum
971 3063 1072 3144 explet

151 3152 250 3205 autem
264 3163 409 3224 paeonem
417 3149 564 3290 primum.

108 3227 414 3306 nllpronihillll,l
444 3227 509 3300 ‚51
525 3229 562 3292 al.

108 3311 178 3371 mita
193 3311 221 3390 Ι,
238 3309 274 3382 3,
292 3310 383 3374 1121.

107 3395 179 3455 nbto
194 3394 237 3456 llI
250 3396 326 3474 prol.
340 3394 392 3458 49.

108 3483 231 3541 notesco
246 3479 280 3549 V,
296 3476 325 3549 1,
340 3477 392 3542 35.
