2346 3840
379 223 488 279 LIBER
508 223 544 280 V.
579 223 772 293 APPENDIX.

464 373 658 436 EABVLA
678 375 720 436 H.

501 472 682 525 Avcuon.

334 550 399 605 Non
416 568 477 607 esse
494 551 558 621 plus
576 568 667 620 aequo
685 552 848 623 petendum.
871 601 874 607 .

148 638 283 701 Arbitrio
297 642 324 701 si
338 647 446 701 natura
461 641 597 702 tinxisset
610 659 677 701 meo

108 722 209 784 Genus
223 724 364 794 mortale,
380 724 468 801 longe
483 724 561 784 foret
574 725 762 787 instructius:

107 807 182 867 Nam
197 815 304 869 cuncta
320 807 407 887 nobis
421 807 609 868 attribuisset
624 809 786 878 commoda,

106 891 316 971 Quaecumque
331 891 489 967 indulgens
504 892 636 953 Fortuna
651 893 773 954 animali
788 893 885 954 dedit:

68 1035 71 1041 ,
104 974 263 1053 Elephanti
279 978 375 1047 vires,
392 981 422 1036 et
437 975 533 1036 leonis
548 977 692 1054 inpetum,
1054 986 1071 1039 5

106 1059 240 1120 Cornicis
255 1076 375 1129 aevum,
391 1057 517 1136 gloriam
531 1062 612 1121 tauri
626 1062 729 1131 trucis,

105 1140 182 1221 Equi
197 1143 306 1204 velocis
320 1142 469 1221 placidam
483 1142 750 1215 mansuetudinem,

104 1225 142 1285 Et
157 1225 275 1287 adesset
288 1227 403 1287 homini
418 1244 472 1293 sua
486 1232 586 1286 tamen
600 1225 742 1289 sollertia.

105 1309 253 1371 Nimirum
267 1312 299 1371 in
314 1310 396 1371 caelo
411 1328 512 1371 secum
526 1310 606 1371 ridet
618 1310 763 1391 luppiter,

104 1393 209 1471 lllagno
224 1393 299 1454 haec
313 1393 437 1454 consilio
452 1395 505 1473 qui
519 1396 639 1471 negavit
653 1394 833 1467 hominibus,
1037 1405 1071 1458 10

104 1475 148 1537 Ne
163 1484 315 1556 sceptrum
329 1477 432 1538 mundi
447 1484 568 1555 raperet
582 1484 683 1538 nostra
699 1479 832 1539 audacia.

146 1559 225 1638 Ergo
240 1562 372 1621 contenti
386 1578 511 1621 munere
527 1562 631 1622 invicti
646 1560 724 1622 lovis

104 1644 215 1705 Fatalis
229 1660 322 1705 annos
337 1644 532 1706 decurramus
546 1647 702 1724 temporis,

104 1726 166 1789 Neo
180 1727 248 1808 plus
263 1746 405 1789 conemur
419 1747 509 1808 quam
523 1730 595 1789 sinit
610 1729 782 1790 mortalitas.

449 1864 643 1925 EABVLA
664 1866 720 1925 III.

231 1959 482 2012 mnnovnrvs
499 1960 555 2011 uu
572 1961 689 2012 nvem
706 1926 936 2018 unumne.

406 2039 448 2095 De
466 2040 565 2095 eodem
583 2039 640 2096 elin
655 2040 769 2097 tabells.

145 2128 326 2189 Mercurium
341 2128 471 2208 hospitio
486 2130 629 2191 mulieres
643 2129 715 2189 olim
729 2129 804 2191 duae

103 2211 258 2273 inliberali
272 2221 303 2273 et
316 2213 437 2273 sordido
450 2220 642 2293 receperant:

104 2295 235 2366 Quarum
249 2314 308 2356 una
322 2297 353 2357 iu
368 2299 453 2358 cunis
467 2315 591 2376 parvum
604 2297 735 2360 habebat
748 2299 852 2371 tilium,

103 2379 247 2450 Quaestus
262 2378 398 2459 placebat
412 2379 498 2442 alteri
513 2383 711 2442 meretricius.

103 2464 181 2541 Ergo
197 2470 229 2524 ut
243 2465 375 2524 referret
388 2466 514 2542 gratiam
529 2465 636 2524 oliiciis
649 2483 762 2543 parem,

102 2547 246 2608 Abiturus
261 2555 290 2608 et
304 2550 364 2608 iam
378 2546 470 2608 limen
485 2548 632 2608 excedens
647 2550 703 2608 ait:

102 2632 198 2692 Deum
212 2630 337 2701 videtis;
352 2631 482 2691 tribuam
496 2631 581 2692 vobis
595 2635 743 2711 protinus,

102 2714 187 2785 Quod
202 2732 336 2804 quaeque
352 2717 471 2793 optarit.
501 2715 595 2776 Mater
609 2716 786 2795 suppliciter
800 2725 894 2794 rogat,

102 2797 265 2860 Barbatum
278 2804 312 2859 ut
325 2799 424 2859 videat
437 2805 538 2860 natum
553 2817 641 2879 quarn
655 2800 787 2878 primum
801 2819 904 2872 suum;

102 2882 240 2952 Moecha,
256 2888 289 2942 ut
304 2890 444 2962 sequatur
459 2901 524 2944 sese
540 2882 681 2963 quicquid
695 2885 839 2961 tetigerit.
1032 2894 1065 2944 10

102 2966 187 3027 Volat
200 2965 379 3036 Mercurius,
395 2968 475 3026 intro
488 2969 616 3027 redeunt
628 2969 781 3029 mutieres.

102 3049 249 3111 Barbatus
264 3050 362 3110 infans
377 3066 446 3108 ecce
461 3053 577 3125 vagitus
591 3052 660 3109 ciet.

101 3134 136 3194 ld
150 3135 229 3194 lorte
244 3134 387 3194 meretrix
401 3151 469 3192 cum
483 3133 599 3193 rideret
611 3133 749 3203 validius,

102 3216 197 3278 Nares
212 3218 338 3296 replevit
352 3217 473 3287 humor,
490 3223 523 3277 ut
536 3215 603 3278 fieri
617 3217 702 3278 solet.

102 3302 271 3378 Emungere
287 3303 380 3378 igitm
394 3319 426 3360 se
442 3300 543 3361 rolens
557 3301 679 3380 prendit
691 3320 781 3362 manu
1031 3312 1063 3365 15

103 3385 265 3463 Traxitque
279 3384 316 3444 ad
329 3392 442 3446 terram
456 3388 521 3444 nasi
535 3385 759 3463 longitudinem,

102 3468 141 3528 Et
154 3469 242 3529 aliam
256 3468 360 3528 ridens
374 3470 439 3550 ipsa
453 3468 579 3529 ridenda
594 3471 719 3531 exstitit.

842 3563 889 3624 456
