<?xml version="1.0" encoding="UTF-8"?>
<!DOCTYPE html PUBLIC "-//W3C//DTD XHTML 1.0 Transitional//EN"
    "http://www.w3.org/TR/xhtml1/DTD/xhtml1-transitional.dtd">
<html xmlns="http://www.w3.org/1999/xhtml" xml:lang="en" lang="en">
 <head>
  <title>
</title>
<meta http-equiv="Content-Type" content="text/html;charset=utf-8" />
  <meta name='ocr-system' content='tesseract 3.04.00' />
  <meta name='ocr-capabilities' content='ocr_page ocr_carea ocr_par ocr_line ocrx_word'/>
</head>
<body>
  <div class='ocr_page' id='page_1' title='image "./phaedriaugustil04phaegoog_0028.png"; bbox 0 0 2346 3840; ppageno 0'>
   <div class='ocr_carea' id='block_1_1' title="bbox 503 195 653 252">
    <p class='ocr_par' dir='ltr' id='par_1_1' title="bbox 503 195 653 252">
     <span class='ocr_line' id='line_1_1' title="bbox 503 195 653 252; baseline 0.007 -1"><span class='ocrx_word' id='word_1_1' title='bbox 503 195 611 251; x_wconf 78' lang='lat' dir='ltr'>LIBER</span> <span class='ocrx_word' id='word_1_2' title='bbox 631 195 653 252; x_wconf 87' lang='lat' dir='ltr'>L</span> 
     </span>
    </p>
   </div>
   <div class='ocr_carea' id='block_1_2' title="bbox 100 341 861 678">
    <p class='ocr_par' dir='ltr' id='par_1_2' title="bbox 101 341 709 424">
     <span class='ocr_line' id='line_1_2' title="bbox 101 341 709 424; baseline -0.012 -15"><span class='ocrx_word' id='word_1_3' title='bbox 101 347 206 409; x_wconf 84' lang='lat' dir='ltr'><strong>Dolosa</strong></span> <span class='ocrx_word' id='word_1_4' title='bbox 220 343 324 424; x_wconf 75' lang='lat' dir='ltr'><strong>vulpes</strong></span> <span class='ocrx_word' id='word_1_5' title='bbox 338 344 432 405; x_wconf 85' lang='lat' dir='ltr'><strong>aridis</strong></span> <span class='ocrx_word' id='word_1_6' title='bbox 445 345 546 422; x_wconf 79' lang='lat' dir='ltr'><strong>rapuit</strong></span> <span class='ocrx_word' id='word_1_7' title='bbox 560 341 709 403; x_wconf 90' lang='lat' dir='ltr'><strong>dentibus.</strong></span> 
     </span>
    </p>

    <p class='ocr_par' dir='ltr' id='par_1_3' title="bbox 100 428 861 594">
     <span class='ocr_line' id='line_1_3' title="bbox 100 428 854 506; baseline -0.008 -14"><span class='ocrx_word' id='word_1_8' title='bbox 100 431 178 491; x_wconf 85' lang='lat' dir='ltr'><strong>Tum</strong></span> <span class='ocrx_word' id='word_1_9' title='bbox 193 430 312 491; x_wconf 92' lang='lat' dir='ltr'><strong>demum</strong></span> <span class='ocrx_word' id='word_1_10' title='bbox 326 429 473 504; x_wconf 81' lang='lat' dir='ltr'><strong>ingemuit</strong></span> <span class='ocrx_word' id='word_1_11' title='bbox 486 428 568 487; x_wconf 87' lang='lat' dir='ltr'><strong>corvi</strong></span> <span class='ocrx_word' id='word_1_12' title='bbox 583 428 726 506; x_wconf 88' lang='lat' dir='ltr'><strong>deeeptus</strong></span> <span class='ocrx_word' id='word_1_13' title='bbox 740 432 854 504; x_wconf 86' lang='lat' dir='ltr'><strong>stupor.</strong></span> 
     </span>
     <span class='ocr_line' id='line_1_4' title="bbox 146 509 861 594; baseline -0.01 -19"><span class='ocrx_word' id='word_1_14' title='bbox 146 513 224 594; x_wconf 86' lang='lat' dir='ltr'><strong>[llao</strong></span> <span class='ocrx_word' id='word_1_15' title='bbox 237 530 271 573; x_wconf 90' lang='lat' dir='ltr'><strong>re</strong></span> <span class='ocrx_word' id='word_1_16' title='bbox 286 511 431 592; x_wconf 90' lang='lat' dir='ltr'><strong>probatur</strong></span> <span class='ocrx_word' id='word_1_17' title='bbox 445 519 588 589; x_wconf 86' lang='lat' dir='ltr'><strong>quantum</strong></span> <span class='ocrx_word' id='word_1_18' title='bbox 600 511 755 587; x_wconf 82' lang='lat' dir='ltr'><strong>ingenium</strong></span> <span class='ocrx_word' id='word_1_19' title='bbox 768 509 861 578; x_wconf 85' lang='lat' dir='ltr'><strong>ralet;</strong></span> 
     </span>
    </p>

    <p class='ocr_par' dir='ltr' id='par_1_4' title="bbox 101 591 702 678">
     <span class='ocr_line' id='line_1_5' title="bbox 101 591 702 678; baseline -0.002 -23"><span class='ocrx_word' id='word_1_20' title='bbox 101 597 218 659; x_wconf 87' lang='lat' dir='ltr'><strong>Virtute</strong></span> <span class='ocrx_word' id='word_1_21' title='bbox 233 614 352 675; x_wconf 90' lang='lat' dir='ltr'><strong>semper</strong></span> <span class='ocrx_word' id='word_1_22' title='bbox 366 595 517 678; x_wconf 85' lang='lat' dir='ltr'><strong>praevalet</strong></span> <span class='ocrx_word' id='word_1_23' title='bbox 530 591 702 674; x_wconf 78' lang='lat' dir='ltr'><strong>sapientia]</strong></span> 
     </span>
    </p>
   </div>
   <div class='ocr_carea' id='block_1_3' title="bbox 354 743 815 893">
    <p class='ocr_par' dir='ltr' id='par_1_5' title="bbox 354 743 815 893">
     <span class='ocr_line' id='line_1_6' title="bbox 433 743 729 805; baseline -0.003 -1"><span class='ocrx_word' id='word_1_24' title='bbox 433 745 627 805; x_wconf 81' lang='lat' dir='ltr'><strong>FABVLA</strong></span> <span class='ocrx_word' id='word_1_25' title='bbox 647 743 729 804; x_wconf 88' lang='lat' dir='ltr'>XIV.</span> 
     </span>
     <span class='ocr_line' id='line_1_7' title="bbox 354 839 815 893; baseline 0 -1"><span class='ocrx_word' id='word_1_26' title='bbox 354 841 416 893; x_wconf 77' lang='lat' dir='ltr'><strong>EX</strong></span> <span class='ocrx_word' id='word_1_27' title='bbox 433 840 599 892; x_wconf 72' lang='lat' dir='ltr'>SVTOBE</span> <span class='ocrx_word' id='word_1_28' title='bbox 615 839 815 893; x_wconf 76' lang='lat' dir='ltr'><strong>MEDIOVS.</strong></span> 
     </span>
    </p>
   </div>
   <div class='ocr_carea' id='block_1_4' title="bbox 101 926 837 2427">
    <p class='ocr_par' dir='ltr' id='par_1_6' title="bbox 101 926 837 2258">
     <span class='ocr_line' id='line_1_8' title="bbox 144 926 722 1006; baseline -0.007 -16"><span class='ocrx_word' id='word_1_29' title='bbox 144 928 239 990; x_wconf 88' lang='lat' dir='ltr'><strong>Malus</strong></span> <span class='ocrx_word' id='word_1_30' title='bbox 254 946 322 988; x_wconf 92' lang='lat' dir='ltr'><strong>oum</strong></span> <span class='ocrx_word' id='word_1_31' title='bbox 337 934 420 987; x_wconf 86' lang='lat' dir='ltr'><strong>sutor</strong></span> <span class='ocrx_word' id='word_1_32' title='bbox 434 928 535 1006; x_wconf 90' lang='lat' dir='ltr'><strong>inopia</strong></span> <span class='ocrx_word' id='word_1_33' title='bbox 551 926 722 1004; x_wconf 89' lang='lat' dir='ltr'><strong>deperditus</strong></span> 
     </span>
     <span class='ocr_line' id='line_1_9' title="bbox 101 1010 749 1089; baseline -0.006 -15"><span class='ocrx_word' id='word_1_34' title='bbox 101 1013 278 1074; x_wconf 78' lang='lat' dir='ltr'><strong>Medicinam</strong></span> <span class='ocrx_word' id='word_1_35' title='bbox 293 1013 394 1089; x_wconf 83' lang='lat' dir='ltr'><strong>ignoto</strong></span> <span class='ocrx_word' id='word_1_36' title='bbox 408 1011 508 1071; x_wconf 82' lang='lat' dir='ltr'><strong>faeere</strong></span> <span class='ocrx_word' id='word_1_37' title='bbox 523 1012 672 1088; x_wconf 83' lang='lat' dir='ltr'><strong>coepisset</strong></span> <span class='ocrx_word' id='word_1_38' title='bbox 684 1010 749 1070; x_wconf 86' lang='lat' dir='ltr'><strong>loeo</strong></span> 
     </span>
     <span class='ocr_line' id='line_1_10' title="bbox 101 1093 730 1163; baseline -0.008 -5"><span class='ocrx_word' id='word_1_39' title='bbox 101 1098 140 1158; x_wconf 90' lang='lat' dir='ltr'><strong>Et</strong></span> <span class='ocrx_word' id='word_1_40' title='bbox 154 1096 321 1156; x_wconf 86' lang='lat' dir='ltr'><strong>venditaret</strong></span> <span class='ocrx_word' id='word_1_41' title='bbox 333 1095 408 1155; x_wconf 85' lang='lat' dir='ltr'><strong>salso</strong></span> <span class='ocrx_word' id='word_1_42' title='bbox 423 1093 588 1154; x_wconf 89' lang='lat' dir='ltr'><strong>antidotum</strong></span> <span class='ocrx_word' id='word_1_43' title='bbox 601 1095 730 1163; x_wconf 91' lang='lat' dir='ltr'><strong>nomine,</strong></span> 
     </span>
     <span class='ocr_line' id='line_1_11' title="bbox 102 1176 773 1258; baseline -0.007 -17"><span class='ocrx_word' id='word_1_44' title='bbox 102 1179 245 1240; x_wconf 87' lang='lat' dir='ltr'><strong>Verbosis</strong></span> <span class='ocrx_word' id='word_1_45' title='bbox 259 1179 419 1258; x_wconf 82' lang='lat' dir='ltr'><strong>adquisivit</strong></span> <span class='ocrx_word' id='word_1_46' title='bbox 431 1176 494 1238; x_wconf 91' lang='lat' dir='ltr'><strong>sibi</strong></span> <span class='ocrx_word' id='word_1_47' title='bbox 508 1177 616 1237; x_wconf 85' lang='lat' dir='ltr'><strong>lamam</strong></span> <span class='ocrx_word' id='word_1_48' title='bbox 630 1177 773 1255; x_wconf 87' lang='lat' dir='ltr'><strong>strophis.</strong></span> 
     </span>
     <span class='ocr_line' id='line_1_12' title="bbox 102 1260 752 1339; baseline -0.006 -15"><span class='ocrx_word' id='word_1_49' title='bbox 102 1264 158 1327; x_wconf 83' lang='lat' dir='ltr'><strong>Hie</strong></span> <span class='ocrx_word' id='word_1_50' title='bbox 172 1282 240 1325; x_wconf 87' lang='lat' dir='ltr'><strong>eum</strong></span> <span class='ocrx_word' id='word_1_51' title='bbox 254 1265 367 1324; x_wconf 81' lang='lat' dir='ltr'><strong>iaceret</strong></span> <span class='ocrx_word' id='word_1_52' title='bbox 380 1260 485 1323; x_wconf 88' lang='lat' dir='ltr'><strong>morbo</strong></span> <span class='ocrx_word' id='word_1_53' title='bbox 499 1261 653 1323; x_wconf 78' lang='lat' dir='ltr'><strong>coniectus</strong></span> <span class='ocrx_word' id='word_1_54' title='bbox 667 1263 752 1339; x_wconf 82' lang='lat' dir='ltr'><strong>gravi</strong></span> 
     </span>
     <span class='ocr_line' id='line_1_13' title="bbox 102 1345 658 1425; baseline -0.002 -18"><span class='ocrx_word' id='word_1_55' title='bbox 102 1347 166 1408; x_wconf 89' lang='lat' dir='ltr'><strong>Rex</strong></span> <span class='ocrx_word' id='word_1_56' title='bbox 180 1346 278 1417; x_wconf 93' lang='lat' dir='ltr'><strong>urbis,</strong></span> <span class='ocrx_word' id='word_1_57' title='bbox 295 1348 361 1407; x_wconf 87' lang='lat' dir='ltr'><strong>eius</strong></span> <span class='ocrx_word' id='word_1_58' title='bbox 375 1345 549 1425; x_wconf 88' lang='lat' dir='ltr'><strong>experiendi</strong></span> <span class='ocrx_word' id='word_1_59' title='bbox 563 1347 658 1422; x_wconf 81' lang='lat' dir='ltr'><strong>gratia</strong></span> 
     </span>
     <span class='ocr_line' id='line_1_14' title="bbox 103 1428 837 1509; baseline -0.003 -20"><span class='ocrx_word' id='word_1_60' title='bbox 103 1430 253 1509; x_wconf 82' lang='lat' dir='ltr'><strong>Scyphum</strong></span> <span class='ocrx_word' id='word_1_61' title='bbox 267 1431 418 1509; x_wconf 87' lang='lat' dir='ltr'><strong>poposcit:</strong></span> <span class='ocrx_word' id='word_1_62' title='bbox 441 1430 506 1489; x_wconf 85' lang='lat' dir='ltr'><strong>fusa</strong></span> <span class='ocrx_word' id='word_1_63' title='bbox 521 1430 591 1489; x_wconf 88' lang='lat' dir='ltr'><strong>dein</strong></span> <span class='ocrx_word' id='word_1_64' title='bbox 605 1428 746 1490; x_wconf 79' lang='lat' dir='ltr'><strong>simulans</strong></span> <span class='ocrx_word' id='word_1_65' title='bbox 760 1445 837 1508; x_wconf 93' lang='lat' dir='ltr'><strong>aqua</strong></span> 
     </span>
     <span class='ocr_line' id='line_1_15' title="bbox 103 1511 683 1583; baseline -0.003 -10"><span class='ocrx_word' id='word_1_66' title='bbox 103 1513 243 1574; x_wconf 78' lang='lat' dir='ltr'><strong>Antidoto</strong></span> <span class='ocrx_word' id='word_1_67' title='bbox 257 1515 384 1573; x_wconf 89' lang='lat' dir='ltr'><strong>miscere</strong></span> <span class='ocrx_word' id='word_1_68' title='bbox 399 1511 480 1583; x_wconf 89' lang='lat' dir='ltr'><strong>illius</strong></span> <span class='ocrx_word' id='word_1_69' title='bbox 495 1529 527 1571; x_wconf 90' lang='lat' dir='ltr'><strong>se</strong></span> <span class='ocrx_word' id='word_1_70' title='bbox 541 1513 683 1581; x_wconf 83' lang='lat' dir='ltr'><strong>toxicum,</strong></span> 
     </span>
     <span class='ocr_line' id='line_1_16' title="bbox 103 1596 719 1675; baseline -0.003 -19"><span class='ocrx_word' id='word_1_71' title='bbox 103 1596 234 1656; x_wconf 88' lang='lat' dir='ltr'><strong>Ebibere</strong></span> <span class='ocrx_word' id='word_1_72' title='bbox 250 1597 338 1657; x_wconf 89' lang='lat' dir='ltr'><strong>iussit</strong></span> <span class='ocrx_word' id='word_1_73' title='bbox 352 1599 450 1675; x_wconf 90' lang='lat' dir='ltr'><strong>ipsum</strong></span> <span class='ocrx_word' id='word_1_74' title='bbox 464 1597 562 1675; x_wconf 89' lang='lat' dir='ltr'><strong>posito</strong></span> <span class='ocrx_word' id='word_1_75' title='bbox 575 1596 719 1674; x_wconf 88' lang='lat' dir='ltr'><strong>praemio.</strong></span> 
     </span>
     <span class='ocr_line' id='line_1_17' title="bbox 103 1677 712 1741; baseline -0.002 -1"><span class='ocrx_word' id='word_1_76' title='bbox 103 1680 224 1741; x_wconf 82' lang='lat' dir='ltr'><strong>Timore</strong></span> <span class='ocrx_word' id='word_1_77' title='bbox 239 1682 344 1741; x_wconf 76' lang='lat' dir='ltr'><strong>mortIs</strong></span> <span class='ocrx_word' id='word_1_78' title='bbox 358 1677 408 1740; x_wconf 91' lang='lat' dir='ltr'><strong>ille</strong></span> <span class='ocrx_word' id='word_1_79' title='bbox 423 1687 486 1740; x_wconf 90' lang='lat' dir='ltr'><strong>tum</strong></span> <span class='ocrx_word' id='word_1_80' title='bbox 500 1680 654 1740; x_wconf 80' lang='lat' dir='ltr'><strong>confessus</strong></span> <span class='ocrx_word' id='word_1_81' title='bbox 668 1687 712 1739; x_wconf 90' lang='lat' dir='ltr'><strong>est</strong></span> 
     </span>
     <span class='ocr_line' id='line_1_18' title="bbox 103 1763 707 1844; baseline -0.002 -20"><span class='ocrx_word' id='word_1_82' title='bbox 103 1764 168 1824; x_wconf 91' lang='lat' dir='ltr'><strong>Non</strong></span> <span class='ocrx_word' id='word_1_83' title='bbox 184 1767 257 1825; x_wconf 87' lang='lat' dir='ltr'><strong>artis</strong></span> <span class='ocrx_word' id='word_1_84' title='bbox 271 1763 331 1825; x_wconf 91' lang='lat' dir='ltr'><strong>ulla</strong></span> <span class='ocrx_word' id='word_1_85' title='bbox 345 1765 477 1825; x_wconf 89' lang='lat' dir='ltr'><strong>medicae</strong></span> <span class='ocrx_word' id='word_1_86' title='bbox 492 1782 525 1824; x_wconf 92' lang='lat' dir='ltr'><strong>se</strong></span> <span class='ocrx_word' id='word_1_87' title='bbox 538 1763 707 1844; x_wconf 89' lang='lat' dir='ltr'><strong>prudentia,</strong></span> 
     </span>
     <span class='ocr_line' id='line_1_19' title="bbox 104 1846 723 1927; baseline 0 -20"><span class='ocrx_word' id='word_1_88' title='bbox 104 1849 210 1908; x_wconf 90' lang='lat' dir='ltr'><strong>Verum</strong></span> <span class='ocrx_word' id='word_1_89' title='bbox 227 1856 348 1927; x_wconf 87' lang='lat' dir='ltr'><strong>stupore</strong></span> <span class='ocrx_word' id='word_1_90' title='bbox 363 1848 445 1924; x_wconf 82' lang='lat' dir='ltr'><strong>vulgi</strong></span> <span class='ocrx_word' id='word_1_91' title='bbox 459 1848 570 1908; x_wconf 82' lang='lat' dir='ltr'><strong>fartum</strong></span> <span class='ocrx_word' id='word_1_92' title='bbox 583 1846 723 1908; x_wconf 88' lang='lat' dir='ltr'><strong>nobilem.</strong></span> 
     </span>
     <span class='ocr_line' id='line_1_20' title="bbox 103 1930 683 1992; baseline 0 -2"><span class='ocrx_word' id='word_1_93' title='bbox 103 1931 166 1992; x_wconf 85' lang='lat' dir='ltr'><strong>Rex</strong></span> <span class='ocrx_word' id='word_1_94' title='bbox 180 1932 318 1992; x_wconf 87' lang='lat' dir='ltr'><strong>advocata</strong></span> <span class='ocrx_word' id='word_1_95' title='bbox 333 1932 471 1990; x_wconf 90' lang='lat' dir='ltr'><strong>oontione</strong></span> <span class='ocrx_word' id='word_1_96' title='bbox 486 1930 561 1991; x_wconf 84' lang='lat' dir='ltr'><strong>haee</strong></span> <span class='ocrx_word' id='word_1_97' title='bbox 575 1932 683 1992; x_wconf 88' lang='lat' dir='ltr'><strong>edidit:</strong></span> 
     </span>
     <span class='ocr_line' id='line_1_21' title="bbox 103 2013 699 2093; baseline -0.003 -19"><span class='ocrx_word' id='word_1_98' title='bbox 103 2014 234 2084; x_wconf 89' lang='lat' dir='ltr'><strong>Quantae</strong></span> <span class='ocrx_word' id='word_1_99' title='bbox 250 2015 362 2093; x_wconf 91' lang='lat' dir='ltr'><strong>putatis</strong></span> <span class='ocrx_word' id='word_1_100' title='bbox 377 2030 442 2073; x_wconf 91' lang='lat' dir='ltr'><strong>esse</strong></span> <span class='ocrx_word' id='word_1_101' title='bbox 457 2030 509 2072; x_wconf 83' lang='lat' dir='ltr'><strong>vos</strong></span> <span class='ocrx_word' id='word_1_102' title='bbox 523 2013 699 2081; x_wconf 89' lang='lat' dir='ltr'><strong>dementiae,</strong></span> 
     </span>
     <span class='ocr_line' id='line_1_22' title="bbox 104 2094 763 2176; baseline -0.006 -18"><span class='ocrx_word' id='word_1_103' title='bbox 104 2098 161 2168; x_wconf 79' lang='lat' dir='ltr'><strong>Qui</strong></span> <span class='ocrx_word' id='word_1_104' title='bbox 177 2100 273 2176; x_wconf 87' lang='lat' dir='ltr'><strong>capita</strong></span> <span class='ocrx_word' id='word_1_105' title='bbox 286 2103 384 2170; x_wconf 83' lang='lat' dir='ltr'><strong>vestra</strong></span> <span class='ocrx_word' id='word_1_106' title='bbox 397 2114 457 2156; x_wconf 92' lang='lat' dir='ltr'><strong>non</strong></span> <span class='ocrx_word' id='word_1_107' title='bbox 473 2094 616 2157; x_wconf 89' lang='lat' dir='ltr'><strong>dubitatis</strong></span> <span class='ocrx_word' id='word_1_108' title='bbox 630 2095 763 2165; x_wconf 89' lang='lat' dir='ltr'><strong>credere,</strong></span> 
     </span>
     <span class='ocr_line' id='line_1_23' title="bbox 105 2178 732 2258; baseline -0.005 -16"><span class='ocrx_word' id='word_1_109' title='bbox 105 2183 157 2242; x_wconf 83' lang='lat' dir='ltr'><strong>Cui</strong></span> <span class='ocrx_word' id='word_1_110' title='bbox 174 2181 345 2242; x_wconf 88' lang='lat' dir='ltr'><strong>calceandos</strong></span> <span class='ocrx_word' id='word_1_111' title='bbox 358 2198 445 2240; x_wconf 90' lang='lat' dir='ltr'><strong>nemo</strong></span> <span class='ocrx_word' id='word_1_112' title='bbox 460 2182 608 2240; x_wconf 89' lang='lat' dir='ltr'><strong>commisit</strong></span> <span class='ocrx_word' id='word_1_113' title='bbox 622 2178 732 2258; x_wconf 76' lang='lat' dir='ltr'><strong>pedes?</strong></span> 
     </span>
    </p>

    <p class='ocr_par' dir='ltr' id='par_1_7' title="bbox 103 2263 815 2427">
     <span class='ocr_line' id='line_1_24' title="bbox 145 2263 741 2345; baseline -0.003 -20"><span class='ocrx_word' id='word_1_114' title='bbox 145 2265 207 2325; x_wconf 91' lang='lat' dir='ltr'><strong>Hoo</strong></span> <span class='ocrx_word' id='word_1_115' title='bbox 220 2266 373 2345; x_wconf 89' lang='lat' dir='ltr'><strong>pertinere</strong></span> <span class='ocrx_word' id='word_1_116' title='bbox 387 2281 457 2324; x_wconf 86' lang='lat' dir='ltr'><strong>vere</strong></span> <span class='ocrx_word' id='word_1_117' title='bbox 473 2263 510 2324; x_wconf 92' lang='lat' dir='ltr'><strong>ad</strong></span> <span class='ocrx_word' id='word_1_118' title='bbox 524 2265 590 2324; x_wconf 92' lang='lat' dir='ltr'><strong>illos</strong></span> <span class='ocrx_word' id='word_1_119' title='bbox 605 2263 741 2333; x_wconf 81' lang='lat' dir='ltr'><strong>dixerim,</strong></span> 
     </span>
     <span class='ocr_line' id='line_1_25' title="bbox 103 2347 815 2427; baseline -0.001 -18"><span class='ocrx_word' id='word_1_120' title='bbox 103 2347 235 2419; x_wconf 85' lang='lat' dir='ltr'><strong>Quorum</strong></span> <span class='ocrx_word' id='word_1_121' title='bbox 250 2347 376 2409; x_wconf 87' lang='lat' dir='ltr'><strong>stultitia</strong></span> <span class='ocrx_word' id='word_1_122' title='bbox 391 2355 529 2427; x_wconf 86' lang='lat' dir='ltr'><strong>quaestus</strong></span> <span class='ocrx_word' id='word_1_123' title='bbox 543 2347 744 2427; x_wconf 89' lang='lat' dir='ltr'><strong>impudentiae</strong></span> <span class='ocrx_word' id='word_1_124' title='bbox 760 2354 815 2408; x_wconf 88' lang='lat' dir='ltr'><strong>est.</strong></span> 
     </span>
    </p>
   </div>
   <div class='ocr_carea' id='block_1_5' title="bbox 257 2496 905 2647">
    <p class='ocr_par' dir='ltr' id='par_1_8' title="bbox 257 2496 905 2647">
     <span class='ocr_line' id='line_1_26' title="bbox 444 2496 739 2558; baseline 0.003 -1"><span class='ocrx_word' id='word_1_125' title='bbox 444 2496 635 2558; x_wconf 84' lang='lat' dir='ltr'><strong>FABVLA</strong></span> <span class='ocrx_word' id='word_1_126' title='bbox 656 2497 739 2558; x_wconf 81' lang='lat' dir='ltr'>XV.&#39;</span> 
     </span>
     <span class='ocr_line' id='line_1_27' title="bbox 257 2594 905 2647; baseline 0 0"><span class='ocrx_word' id='word_1_127' title='bbox 257 2594 412 2647; x_wconf 72' lang='lat' dir='ltr'><strong>Afinws</strong></span> <span class='ocrx_word' id='word_1_128' title='bbox 429 2595 487 2646; x_wconf 82' lang='lat' dir='ltr'><strong>AD</strong></span> <span class='ocrx_word' id='word_1_129' title='bbox 506 2595 651 2646; x_wconf 78' lang='grc' dir='ltr'><strong>ΒΕΝΕΜ</strong></span> <span class='ocrx_word' id='word_1_130' title='bbox 667 2594 905 2647; x_wconf 65' lang='lat' dir='ltr'><strong>menonem,</strong></span> 
     </span>
    </p>
   </div>
   <div class='ocr_carea' id='block_1_6' title="bbox 102 2679 833 3514">
    <p class='ocr_par' dir='ltr' id='par_1_9' title="bbox 102 2679 833 3514">
     <span class='ocr_line' id='line_1_28' title="bbox 145 2679 717 2758; baseline -0.002 -18"><span class='ocrx_word' id='word_1_131' title='bbox 145 2679 179 2740; x_wconf 91' lang='lat' dir='ltr'><strong>lu</strong></span> <span class='ocrx_word' id='word_1_132' title='bbox 193 2681 364 2758; x_wconf 83' lang='lat' dir='ltr'><strong>principatu</strong></span> <span class='ocrx_word' id='word_1_133' title='bbox 378 2681 584 2742; x_wconf 89' lang='lat' dir='ltr'><strong>commutando</strong></span> <span class='ocrx_word' id='word_1_134' title='bbox 599 2683 717 2758; x_wconf 89' lang='lat' dir='ltr'><strong>saepius</strong></span> 
     </span>
     <span class='ocr_line' id='line_1_29' title="bbox 104 2763 833 2842; baseline -0.001 -17"><span class='ocrx_word' id='word_1_135' title='bbox 104 2764 152 2826; x_wconf 90' lang='lat' dir='ltr'><strong>Nil</strong></span> <span class='ocrx_word' id='word_1_136' title='bbox 166 2772 286 2842; x_wconf 90' lang='lat' dir='ltr'><strong>praeter</strong></span> <span class='ocrx_word' id='word_1_137' title='bbox 301 2763 413 2823; x_wconf 90' lang='lat' dir='ltr'><strong>domini</strong></span> <span class='ocrx_word' id='word_1_138' title='bbox 427 2781 535 2824; x_wconf 90' lang='lat' dir='ltr'><strong>nomen</strong></span> <span class='ocrx_word' id='word_1_139' title='bbox 550 2769 665 2824; x_wconf 88' lang='lat' dir='ltr'><strong>mutant</strong></span> <span class='ocrx_word' id='word_1_140' title='bbox 679 2780 833 2842; x_wconf 89' lang='lat' dir='ltr'><strong>pauperes.</strong></span> 
     </span>
     <span class='ocr_line' id='line_1_30' title="bbox 102 2846 781 2925; baseline -0.001 -17"><span class='ocrx_word' id='word_1_141' title='bbox 102 2848 135 2908; x_wconf 93' lang='lat' dir='ltr'><strong>ld</strong></span> <span class='ocrx_word' id='word_1_142' title='bbox 152 2864 216 2908; x_wconf 89' lang='lat' dir='ltr'><strong>esse</strong></span> <span class='ocrx_word' id='word_1_143' title='bbox 231 2865 335 2907; x_wconf 86' lang='lat' dir='ltr'><strong>rerum</strong></span> <span class='ocrx_word' id='word_1_144' title='bbox 349 2865 438 2925; x_wconf 88' lang='lat' dir='ltr'><strong>parva</strong></span> <span class='ocrx_word' id='word_1_145' title='bbox 451 2847 525 2908; x_wconf 87' lang='lat' dir='ltr'><strong>haee</strong></span> <span class='ocrx_word' id='word_1_146' title='bbox 539 2846 646 2909; x_wconf 83' lang='lat' dir='ltr'><strong>sabella</strong></span> <span class='ocrx_word' id='word_1_147' title='bbox 661 2847 781 2908; x_wconf 90' lang='lat' dir='ltr'><strong>indicat.</strong></span> 
     </span>
     <span class='ocr_line' id='line_1_31' title="bbox 145 2930 826 3009; baseline 0.003 -18"><span class='ocrx_word' id='word_1_148' title='bbox 145 2930 275 2991; x_wconf 79' lang='lat' dir='ltr'><strong>Asellum</strong></span> <span class='ocrx_word' id='word_1_149' title='bbox 290 2932 322 2990; x_wconf 91' lang='lat' dir='ltr'><strong>in</strong></span> <span class='ocrx_word' id='word_1_150' title='bbox 336 2937 420 3008; x_wconf 91' lang='lat' dir='ltr'><strong>prato</strong></span> <span class='ocrx_word' id='word_1_151' title='bbox 434 2931 557 2992; x_wconf 87' lang='lat' dir='ltr'><strong>timidus</strong></span> <span class='ocrx_word' id='word_1_152' title='bbox 571 2931 711 3009; x_wconf 85' lang='lat' dir='ltr'><strong>pascebat</strong></span> <span class='ocrx_word' id='word_1_153' title='bbox 725 2949 826 2994; x_wconf 83' lang='lat' dir='ltr'><strong>senex.</strong></span> 
     </span>
     <span class='ocr_line' id='line_1_32' title="bbox 103 3013 670 3075; baseline 0 0"><span class='ocrx_word' id='word_1_154' title='bbox 103 3015 132 3075; x_wconf 89' lang='lat' dir='ltr'><strong>Is</strong></span> <span class='ocrx_word' id='word_1_155' title='bbox 146 3014 277 3074; x_wconf 91' lang='lat' dir='ltr'><strong>bostium</strong></span> <span class='ocrx_word' id='word_1_156' title='bbox 292 3013 420 3074; x_wconf 84' lang='lat' dir='ltr'><strong>clamore</strong></span> <span class='ocrx_word' id='word_1_157' title='bbox 435 3013 533 3075; x_wconf 90' lang='lat' dir='ltr'><strong>subito</strong></span> <span class='ocrx_word' id='word_1_158' title='bbox 547 3017 670 3075; x_wconf 89' lang='lat' dir='ltr'><strong>territus</strong></span> 
     </span>
     <span class='ocr_line' id='line_1_33' title="bbox 104 3097 764 3177; baseline 0 -19"><span class='ocrx_word' id='word_1_159' title='bbox 104 3097 254 3158; x_wconf 89' lang='lat' dir='ltr'><strong>Suadebat</strong></span> <span class='ocrx_word' id='word_1_160' title='bbox 268 3098 350 3158; x_wconf 88' lang='lat' dir='ltr'><strong>asino</strong></span> <span class='ocrx_word' id='word_1_161' title='bbox 365 3097 485 3174; x_wconf 81' lang='lat' dir='ltr'><strong>fugere,</strong></span> <span class='ocrx_word' id='word_1_162' title='bbox 500 3116 538 3158; x_wconf 90' lang='lat' dir='ltr'><strong>ne</strong></span> <span class='ocrx_word' id='word_1_163' title='bbox 552 3105 673 3177; x_wconf 90' lang='lat' dir='ltr'><strong>possent</strong></span> <span class='ocrx_word' id='word_1_164' title='bbox 688 3099 764 3177; x_wconf 86' lang='lat' dir='ltr'><strong>oapi.</strong></span> 
     </span>
     <span class='ocr_line' id='line_1_34' title="bbox 104 3179 764 3251; baseline 0.002 -11"><span class='ocrx_word' id='word_1_165' title='bbox 104 3180 141 3240; x_wconf 80' lang='lat' dir='ltr'><strong>At</strong></span> <span class='ocrx_word' id='word_1_166' title='bbox 154 3180 205 3241; x_wconf 91' lang='lat' dir='ltr'><strong>ille</strong></span> <span class='ocrx_word' id='word_1_167' title='bbox 220 3181 332 3242; x_wconf 87' lang='lat' dir='ltr'><strong>lentus:</strong></span> <span class='ocrx_word' id='word_1_168' title='bbox 359 3179 487 3251; x_wconf 83' lang='lat' dir='ltr'><strong>Quaeso,</strong></span> <span class='ocrx_word' id='word_1_169' title='bbox 504 3200 576 3244; x_wconf 92' lang='lat' dir='ltr'><strong>num</strong></span> <span class='ocrx_word' id='word_1_170' title='bbox 590 3181 676 3242; x_wconf 91' lang='lat' dir='ltr'><strong>binas</strong></span> <span class='ocrx_word' id='word_1_171' title='bbox 691 3181 764 3242; x_wconf 91' lang='lat' dir='ltr'><strong>mibi</strong></span> 
     </span>
     <span class='ocr_line' id='line_1_35' title="bbox 104 3263 722 3344; baseline 0.003 -20"><span class='ocrx_word' id='word_1_172' title='bbox 104 3263 235 3325; x_wconf 85' lang='lat' dir='ltr'><strong>Clitellas</strong></span> <span class='ocrx_word' id='word_1_173' title='bbox 250 3266 448 3343; x_wconf 89' lang='lat' dir='ltr'><strong>inpositurum</strong></span> <span class='ocrx_word' id='word_1_174' title='bbox 462 3267 605 3326; x_wconf 86' lang='lat' dir='ltr'><strong>victorem</strong></span> <span class='ocrx_word' id='word_1_175' title='bbox 619 3266 722 3344; x_wconf 80' lang='lat' dir='ltr'><strong>putasi</strong></span> 
     </span>
     <span class='ocr_line' id='line_1_36' title="bbox 104 3347 756 3428; baseline 0.006 -22"><span class='ocrx_word' id='word_1_176' title='bbox 104 3347 203 3407; x_wconf 88' lang='lat' dir='ltr'><strong>Senex</strong></span> <span class='ocrx_word' id='word_1_177' title='bbox 216 3349 343 3424; x_wconf 84' lang='lat' dir='ltr'><strong>negavit.</strong></span> <span class='ocrx_word' id='word_1_178' title='bbox 374 3349 452 3425; x_wconf 84' lang='lat' dir='ltr'><strong>Ergo</strong></span> <span class='ocrx_word' id='word_1_179' title='bbox 467 3350 538 3428; x_wconf 92' lang='lat' dir='ltr'><strong>quid</strong></span> <span class='ocrx_word' id='word_1_180' title='bbox 552 3350 646 3410; x_wconf 88' lang='lat' dir='ltr'><strong>relert</strong></span> <span class='ocrx_word' id='word_1_181' title='bbox 659 3367 733 3419; x_wconf 87' lang='lat' dir='ltr'><strong>mea,</strong></span> <span class='ocrx_word' id='word_1_182' title='bbox 753 3351 756 3357; x_wconf 85' lang='lat'>&#39;</span> 
     </span>
     <span class='ocr_line' id='line_1_37' title="bbox 104 3431 785 3514; baseline 0.004 -22"><span class='ocrx_word' id='word_1_183' title='bbox 104 3431 159 3492; x_wconf 83' lang='lat' dir='ltr'><strong>Cui</strong></span> <span class='ocrx_word' id='word_1_184' title='bbox 174 3432 319 3491; x_wconf 66' lang='lat' dir='ltr'><strong>serviam?</strong></span> <span class='ocrx_word' id='word_1_185' title='bbox 338 3432 463 3494; x_wconf 85' lang='lat' dir='ltr'><strong>clitellas</strong></span> <span class='ocrx_word' id='word_1_186' title='bbox 478 3433 547 3494; x_wconf 91' lang='lat' dir='ltr'><strong>dum</strong></span> <span class='ocrx_word' id='word_1_187' title='bbox 561 3440 679 3514; x_wconf 90' lang='lat' dir='ltr'><strong>portem</strong></span> <span class='ocrx_word' id='word_1_188' title='bbox 693 3451 785 3495; x_wconf 87' lang='lat' dir='ltr'><strong>meas.</strong></span> 
     </span>
    </p>
   </div>
   <div class='ocr_carea' id='block_1_7' title="bbox 0 0 1183 3840">
    <p class='ocr_par' dir='ltr' id='par_1_10' title="bbox 0 0 1183 3840">
     <span class='ocr_line' id='line_1_38' title="bbox 0 0 1183 3840; baseline 0 0"><span class='ocrx_word' id='word_1_189' title='bbox 0 0 1183 3840; x_wconf 95' lang='lat' dir='ltr'><strong> </strong></span> 
     </span>
    </p>
   </div>
  </div>
 </body>
</html>
