2346 3840
94 191 142 255 *16
380 194 541 271 PHAEDRI
562 194 785 252 FABVLARVM

101 345 135 405 ln
150 345 347 405 Misenensem
362 343 461 404 villam
476 347 605 404 venisset
621 363 712 416 suam,

101 428 181 498 Quae
197 435 296 489 monte
312 447 426 489 summo
441 430 536 508 posita
550 428 666 490 Luculli
681 448 771 491 manu

101 513 275 591 Prospectat
290 513 424 572 Siculum
440 519 470 572 et
483 513 608 590 respicit
623 511 753 574 Tuscum
766 532 863 575 mare:

100 596 145 656 Ex
160 597 320 657 alticinctis
335 613 411 656 unus
427 594 618 665 atriensibus,
698 638 704 649 .

102 681 156 740 Cui
172 681 271 741 tunica
287 678 324 741 ab
339 682 452 739 umeris
467 679 560 740 linteo
574 679 695 740 Pelusio

101 763 173 824 Erat
188 764 343 833 destricta,
360 765 449 824 cirris
465 763 710 842 dependentibus,

101 846 330 908 Perambulante
344 847 421 908 laeta
437 848 555 908 domino
570 848 686 918 viridia,

101 932 220 1009 Alveolo
235 934 332 1010 coepit
345 929 445 1008 ligneo
460 949 658 1010 conspergere

101 1014 230 1075 Humum
246 1022 443 1084 aestuantem,
460 1033 543 1075 come
559 1017 690 1076 osticium
704 1016 859 1088 iactitans3

103 1098 161 1158 Sed
176 1099 342 1159 deridetur.
372 1097 444 1159 lnde
460 1102 538 1160 notis
552 1098 681 1160 llexibus

101 1182 272 1242 Praecurrit
287 1182 375 1243 alium
391 1184 421 1242 in
436 1190 569 1262 xystum,
585 1183 691 1244 sedans
706 1183 869 1262 pulverem.

101 1268 243 1342 Agnoscit
257 1266 407 1326 hominem
422 1266 529 1327 Caesar
542 1285 666 1346 remque
681 1267 835 1345 intellegit.

102 1349 130 1410 ls
144 1358 177 1409 ut
191 1352 306 1428 putavit
320 1368 385 1410 esse
400 1353 501 1410 nescio
517 1351 589 1428 quid
605 1350 690 1411 boni:

52 1443 59 1448 “
101 1433 195 1494 Heus!
217 1436 315 1512 inquit
330 1433 475 1494 dominus.
505 1433 558 1494 llle
574 1437 725 1495 enimvero
740 1434 849 1504 adsilit,

101 1515 273 1578 Ilonationis
287 1518 385 1578 alacer
401 1524 499 1578 certae
514 1519 631 1595 gaudio.

102 1601 177 1661 Tum
193 1603 236 1661 sic
251 1603 346 1662 iocata
361 1608 406 1661 est
422 1608 503 1662 tanta
517 1604 657 1663 maiestas
672 1602 773 1663 ducis:

101 1684 166 1744 Non
182 1685 306 1745 multum
322 1688 409 1762 egisti
425 1692 455 1744 et
470 1703 560 1762 opera
575 1688 754 1764 nequiquam
768 1687 861 1765 perit3

101 1768 191 1828 llulto
207 1771 328 1837 maioris
343 1769 443 1846 alapae
458 1785 574 1829 mecum
590 1776 728 1829 veneunt.

444 1906 635 1980 FABVLA
657 1920 709 1980 VI.

366 2019 530 2079 semu
547 2019 602 2070 nu
620 2016 794 2070 cosm

143 2105 251 2166 Contra
266 2111 403 2184 potentes
417 2122 504 2164 nemo
520 2112 565 2164 est
579 2105 710 2163 munitus
726 2105 814 2174 satis;
920 2170 923 2178 ,
939 2168 942 2175 ,

102 2187 133 2247 Si
151 2207 219 2248 vero
235 2191 360 2248 accessit
374 2188 547 2248 consiliator
561 2186 720 2255 maleficus,
934 2246 936 2254 Α
957 2250 959 2255 .

101 2273 151 2332 Vis
167 2279 196 2332 et
210 2272 341 2350 nequitia
357 2270 499 2350 quicquid
515 2278 698 2349 oppugnant,
716 2273 785 2330 ruit
876 2341 882 2347 q

142 2356 245 2434 Aquila
260 2358 291 2415 in
306 2353 433 2415 sublime
449 2355 566 2415 sustulit
579 2355 768 2416 testudinem.

100 2438 181 2510 Quae
197 2458 263 2499 curn
279 2438 444 2499 abdidisset
458 2457 566 2499 cornea
581 2457 689 2516 corpus
705 2439 791 2499 domo

100 2523 163 2584 Nec
176 2523 236 2583 ullo
250 2530 336 2601 pacto
351 2522 429 2582 laedi
444 2531 544 2600 posset
558 2522 687 2592 condita,
892 2593 893 2596 Ἴ

101 2606 187 2667 Venit
200 2624 254 2684 per
269 2623 354 2667 auras
370 2607 473 2665 cornix
489 2613 519 2665 et
532 2614 656 2685 propter
671 2607 787 2668 volans:

100 2691 234 2768 Opimam
250 2708 320 2749 sane
334 2690 474 2768 praedam
490 2692 614 2768 rapuisti
631 2690 797 2768 unguibus3

101 2775 158 2834 Sed
173 2776 231 2834 nisi
246 2780 411 2834 monstraro
427 2774 498 2851 quid
512 2777 552 2834 sit
565 2775 733 2834 laciendum
748 2774 814 2840 tibi.

101 2859 189 2918 Gravi
202 2859 384 2937 nequiquam
398 2864 427 2916 te
443 2855 567 2918 lassabit
581 2857 721 2935 pondere.

99 2943 249 3002 Promissa
264 2946 349 3019 parte
364 2940 482 3009 suadet,
499 2946 532 2999 ut
547 2941 701 3020 scopulum
717 2959 806 3021 super

99 3025 173 3085 Altis
189 3024 225 3085 ab
241 3028 330 3086 astris
345 3024 449 3084 duram
462 3023 570 3085 inlidat
584 3026 734 3095 corticem,

99 3107 162 3178 Qua
178 3111 346 3170 conminuta
360 3108 447 3168 iaeile
462 3117 599 3170 vescatur
617 3108 693 3169 cibo.

99 3192 222 3253 lndueta
237 3192 336 3253 verbis
352 3193 463 3270 aquila,
479 3195 601 3253 monitis
616 3194 724 3270 paruit,

100 3274 195 3337 Simul
211 3283 241 3336 et
255 3278 413 3354 magistrae
428 3276 509 3352 large
525 3276 625 3336 divisit
640 3276 755 3354 dapem.

100 3359 149 3419 Sic
164 3366 226 3420 tuta
241 3378 315 3438 quae
331 3368 454 3420 naturae
468 3360 567 3419 suerat
580 3378 714 3430 munere,

99 3441 187 3523 lnpar
203 3443 316 3504 duabus
333 3444 443 3504 oceidit
456 3444 537 3503 tristi
551 3461 636 3504 nece,
