2346 3840
118 199 139 266 6
397 207 558 262 PHAEDRI
578 204 802 263 FABVLARVM

118 352 200 424 Quae
215 353 285 414 dum
301 362 441 434 paventes
456 356 553 416 exitus
568 362 653 416 notos
666 363 780 434 petunt,

118 438 227 498 Leonis
241 437 423 515 adfliguntur
437 438 589 499 horrendo
604 440 717 517 inpetu.

117 520 175 590 Qui
190 528 345 600 postquam
360 522 450 583 caede
465 522 564 582 fessus
580 529 642 592 est,
659 525 774 582 asinum
790 529 892 582 avocat

117 604 260 684 Iubetque
275 623 375 665 vocem
392 623 539 684 premere.
570 605 654 665 Tunc
669 606 720 666 ille
736 606 882 667 insolens:

117 689 216 757 Qualis
230 689 347 749 videtur
362 707 453 768 opera
467 689 525 750 tibi
539 691 621 749 vocis
634 689 737 749 meaei

115 771 262 850 Insignis,
278 774 391 851 inquit,
407 775 451 833 sic
465 781 512 842 ut,
528 775 587 833 nisi
602 791 720 841 nossem
734 780 817 833 tuum

116 858 254 917 Arrimum
269 874 436 936 genusque,
453 856 544 917 simili
559 858 704 933 fugissem
718 865 810 918 metu.

458 1006 648 1065 FABVLA
668 1007 736 1066 XII.

371 1103 538 1154 GERVVS
555 1105 612 1154 AD
629 1104 816 1157 FONTEM.

156 1187 297 1248 Laudatis
312 1187 447 1259 utiliora,
462 1206 539 1268 quae
555 1193 777 1267 contempseris,

115 1270 209 1348 Saepe
225 1272 352 1331 inveniri
366 1271 441 1333 baec
457 1274 563 1333 asserit
577 1275 717 1333 narratio.

155 1354 200 1414 Ad
214 1356 327 1415 fontem
342 1373 461 1424 cervus,
477 1374 545 1416 oum
559 1354 701 1426 bibisset,
716 1359 830 1418 restitit

113 1437 151 1498 Et
166 1440 197 1499 iu
212 1439 329 1517 liquore
342 1439 417 1499 vidit
432 1441 561 1516 effigiem
576 1457 669 1500 suam.

112 1521 158 1581 lbi
175 1522 245 1582 dum
259 1540 376 1583 ramosa
390 1525 500 1583 mirans
515 1523 615 1584 laudat
629 1542 739 1584 cornua

113 1606 299 1684 Crurumque
315 1608 436 1666 nimiam
452 1611 629 1667 tenuitatem
643 1608 800 1684 vituperat,

112 1687 277 1749 Venantum
291 1689 390 1749 subito
404 1690 527 1750 vocibus
542 1691 722 1750 conterritus
806 1767 808 1770 Ι

111 1772 170 1832 Per
185 1789 321 1850 campum
336 1774 440 1850 fugere
456 1775 555 1852 coepit
569 1780 599 1833 et
613 1791 702 1832 cursu
716 1773 773 1833 levi

112 1856 206 1916 Canes
221 1855 320 1915 elusit.
350 1856 428 1916 Silva
444 1864 508 1917 tum
522 1858 639 1934 excepit
653 1856 760 1926 ferum,

111 1937 145 1998 ln
161 1957 219 2016 qua
233 1941 358 2000 retentis
373 1940 523 2018 inpeditus
538 1939 679 2000 cornibus

111 2022 250 2082 Lacerari
265 2027 364 2102 coepit
377 2022 527 2084 morsibus
542 2025 638 2084 saevis
654 2041 769 2084 canum.

88 2182 90 2187 ,
111 2105 195 2166 'func
209 2109 342 2166 moriens
355 2125 457 2167 vocem
471 2107 548 2167 banc
564 2107 693 2167 edidisse
709 2108 833 2168 dicitur:

111 2188 135 2248 0
151 2208 198 2249 me
213 2190 379 2250 infelicem!
401 2193 452 2269 qui
468 2207 547 2249 nunc
562 2189 680 2250 demum
694 2191 845 2268 intellego,

111 2271 201 2333 Utilia
215 2272 290 2333 mihi
305 2291 393 2351 quam
407 2274 534 2342 fuerint,
551 2292 626 2352 quae
643 2274 844 2352 despexeram,

110 2354 155 2424 Et,
171 2373 248 2434 quae
262 2355 430 2426 laudaram,
446 2364 589 2436 quantum
603 2357 698 2418 luctus
713 2357 883 2419 habuerint.

326 2514 329 2520 '
441 2505 739 2567 FABVLAXIII.
847 2550 850 2557 -
957 2545 963 2556 ·

372 2602 539 2654 vvhrus
556 2603 611 2655 ΕΤ
628 2603 804 2657 CORVVS.

150 2686 208 2756 Qui
223 2705 255 2748 se
270 2686 385 2750 laudari
400 2689 509 2766 gaudet
523 2687 622 2766 verbis
639 2689 780 2759 subdolis,

109 2770 182 2831 Sera
196 2771 247 2832 dat
261 2790 371 2850 poenas
386 2779 489 2850 turpes
504 2775 697 2850 poenitentia.

151 2856 224 2915 Cum
238 2854 275 2914 de
289 2855 420 2915 fenestra
435 2873 541 2916 corvus
556 2863 674 2934 raptum
688 2872 808 2918 caseum
922 2896 925 2906 ·

108 2938 245 2999 Comesse
262 2938 362 3007 vellet,
380 2939 457 2998 celsa
472 2939 608 2999 residens
623 2939 738 3010 arbore,

107 3021 217 3100 Vulpes
231 3021 310 3081 hunc
325 3022 414 3091 vidit,
432 3022 538 3082 deinde
555 3024 597 3082 sic
613 3025 711 3102 coepit
726 3023 822 3102 loqui:

108 3105 131 3165 0
147 3106 199 3183 qui
213 3113 345 3174 tuarum,
362 3123 463 3175 corve,
479 3125 644 3184 pennarum
659 3115 704 3168 est
719 3107 814 3167 nitor!

107 3185 255 3257 Quantum
269 3188 388 3249 decoris
403 3207 528 3268 corpore
544 3197 574 3250 et
588 3190 670 3251 vultu
684 3192 779 3267 geris!

108 3270 139 3331 Si
154 3289 257 3331 vocem
270 3270 412 3343 haberes,
428 3273 507 3334 nulla
522 3275 605 3352 prior
620 3274 681 3335 ales
696 3275 783 3335 foret.

107 3357 143 3414 At
158 3355 207 3416 ille
223 3355 343 3425 stultus,
360 3356 429 3417 dum
443 3358 506 3418 vult
519 3375 621 3418 vocem
636 3358 804 3428 ostendere,

94 3437 211 3498 Emisit
224 3456 277 3499 ore
293 3457 427 3513 caseum,
444 3459 534 3522 quem
549 3442 689 3503 celeriter
