2346 3840
99 214 142 280 46
377 217 539 275 PHAEDRJ
557 213 780 274 inculcavit

456 382 647 444 FABVLA
666 382 708 442 H.

352 478 566 533 mumma
582 479 637 531 ET
653 478 806 532 mrito,

144 567 209 628 Iluo
223 583 290 627 cum
303 567 482 629 incidissent
495 567 527 625 in
541 564 686 625 latronem
700 563 821 634 milites,
870 578 872 585 ·

102 650 183 712 Vnus
198 651 344 730 profugit,
360 650 436 710 alter
451 656 549 709 autem
562 650 675 709 restitit

104 735 142 796 Et
155 733 313 794 vindicavit
326 751 391 794 sese
406 732 477 794 lorti
492 730 621 792 dextera.

102 817 231 879 Latrone
245 819 344 878 occiso
358 817 480 878 timidus
494 818 626 877 accurrit
639 832 739 876 comes

104 901 288 980 Stringitque
302 901 448 978 gladium,
464 900 534 961 dein
548 900 660 960 reiecta
673 897 813 979 paenula:

103 985 198 1055 Cedo,
213 987 324 1063 inquit,
340 985 439 1054 illum;
453 986 514 1043 iam
532 981 643 1042 curabo
656 984 775 1050 sentiat,

103 1068 182 1139 Quos
197 1069 387 1148 attemptarit.
416 1066 515 1137 Tunc,
530 1067 582 1146 qui
597 1065 834 1145 depugnaverat:

102 1152 215 1213 Vellem
227 1153 293 1213 istis
306 1150 406 1213 verbis
420 1151 526 1212 saltem
540 1149 703 1211 adiuvisses
717 1149 820 1218 modo:

103 1236 291 1298 Constantior
304 1235 428 1295 fuissem
442 1253 512 1295 vera
526 1235 707 1296 existimans.

104 1319 188 1381 Nunc
203 1319 295 1379 conde
310 1319 424 1379 ferrum
438 1325 468 1378 et
481 1317 613 1394 linguam
626 1319 741 1395 pariter
754 1315 881 1387 futilem,

102 1402 140 1463 Vt
153 1405 251 1481 possis
265 1401 338 1462 alios
352 1402 524 1480 ignorantes
537 1400 651 1462 tallere.

102 1486 181 1564 Ego,
196 1488 249 1566 qui
262 1503 329 1546 sum
343 1492 497 1565 expertus,
513 1487 631 1564 quantis
644 1485 742 1561 fugias
755 1481 880 1552 viribus,

104 1568 188 1640 Scio,
203 1588 292 1649 quam
305 1571 409 1630 virtuti
421 1588 482 1629 non
497 1571 536 1629 sit
550 1568 731 1629 credendum
744 1573 824 1627 tuae.

145 1653 192 1714 llli
207 1653 356 1730 adsignari
371 1651 460 1714 debet
473 1652 548 1712 haec
561 1654 702 1721 narratio,

103 1733 161 1806 Qui
174 1753 209 1796 rc
223 1735 352 1797 secunda
366 1736 453 1796 tortis
468 1742 528 1802 est,
544 1734 635 1795 dubia
648 1737 747 1811 lugan.

446 1868 637 1929 FABVLA
661 1868 718 1927 111.

350 1963 535 2018 cAvas
560 1965 621 2018 ΕΤ
646 1966 819 2021 MVSOAJ

146 2051 227 2115 Calvi
240 2051 401 2112 momordit
414 2069 514 2112 musca
528 2051 671 2112 nudatum
686 2057 789 2130 caput:

105 2135 199 2206 Quam
213 2137 382 2214 opprimere
398 2140 519 2213 captans
533 2135 647 2213 alapam
660 2134 720 2196 sibi
735 2134 819 2195 duxit
832 2149 960 2211 gravem.

104 2218 189 2280 Tunc
204 2217 255 2278 illa
269 2217 419 2278 inridens:
448 2216 594 2279 Punctum
608 2218 735 2278 volucris
748 2217 888 2297 parvulae

104 2301 232 2362 Voluisti
245 2306 342 2361 morte
357 2299 479 2371 ulcisci;
493 2301 565 2378 quid
579 2301 672 2362 iacies
685 2300 751 2371 tibi,

104 2385 235 2446 Iniuriae
251 2386 302 2464 qui
317 2382 467 2445 addideris
482 2385 708 2447 contumeliam?

104 2467 283 2548 Respondit:
312 2467 427 2529 Mecum
441 2468 530 2529 iacilc
545 2469 635 2530 redeo
650 2470 829 2547 ingratiam,

105 2551 181 2622 Quia
194 2569 254 2611 non
268 2552 362 2612 luisse
376 2558 507 2611 mentem
521 2551 658 2612 laedendi
673 2553 746 2613 scio.

105 2635 166 2697 Sed
180 2642 225 2705 te,
241 2635 403 2713 contempti
418 2637 538 2712 generis
553 2635 664 2697 animal
678 2635 847 2715 inprobum,

105 2716 187 2789 Quae
202 2717 359 2780 delectaris
373 2717 479 2781 bibere
493 2719 656 2781 humanum
671 2721 854 2798 sanguinem,

106 2802 212 2882 Optem
225 2819 333 2862 necare
347 2801 394 2862 vel
408 2803 521 2862 maiore
535 2804 731 2863 incommodo.
795 2817 797 2821 ’
1032 2806 1068 2862 10

147 2885 209 2946 Hoc
223 2890 431 2964 argumentum
443 2886 530 2945 venia
545 2885 650 2946 donari
666 2885 761 2956 docet,

105 2968 161 3039 Qui
176 2986 246 3031 casu
259 2975 373 3049 peccat.
402 2967 478 3030 Nam
492 2970 544 3048 qui
559 2969 683 3031 consilio
699 2977 743 3031 est
758 2988 878 3042 nocens,

104 3052 190 3115 lllum
205 3070 271 3114 esse
286 3053 390 3132 quavis
404 3052 526 3130 dignum
540 3071 636 3134 poena
650 3054 760 3116 iudico.

448 3187 641 3248 FABVLA
665 3187 720 3249 IV.

335 3283 489 3336 nemus
506 3284 561 3337 ΕΤ
579 3284 836 3340 Portemus,

148 3368 274 3440 Quidam
288 3369 459 3430 inmolasset
473 3387 592 3430 verrem
606 3388 674 3432 cum
688 3379 790 3432 sancto
805 3367 938 3448 Herculi,

106 3452 162 3516 Cui
175 3458 231 3535 pro
247 3452 335 3516 saluti
349 3461 449 3514 votum
464 3453 592 3520 debebat
607 3472 669 3527 sua,
