2346 3840
130 183 174 248 22
411 189 572 245 PHAEDRI
592 188 817 245 uABvuuuvu

131 342 264 420 Aesopus
278 338 322 400 ibi
336 346 431 410 stans,
447 342 530 402 naris
545 347 700 402 emunctae
714 356 814 410 senex,
884 344 886 349 '

131 423 244 485 Natura
258 442 419 503 numquam
433 423 526 484 verba
540 426 589 485 cui
604 426 701 503 potuit
715 423 798 484 dare:

132 506 165 569 Si
180 525 343 587 procurare
358 510 404 569 vis
419 515 583 578 ostentum,
600 510 722 577 rustice,

132 593 259 661 onres,
275 594 388 672 inquit,
404 592 442 652 da
456 594 517 653 tuis
532 591 713 671 pastoribus.

477 743 673 804 FABVLA
694 743 748 804 1v.

411 841 643 894 vasuu
661 840 817 894 snum.

174 928 310 989 Pendere
325 926 363 988 ad
376 927 489 989 lanium
504 927 625 1006 quidam
640 927 715 987 vidit
730 929 859 998 simium,

132 1012 215 1072 luter
229 1011 358 1072 relicuas
372 1030 487 1072 merces
503 1017 590 1090 atque
605 1013 745 1090 opsonia:

133 1094 300 1165 Quaesivit,
316 1096 457 1174 quidnam
473 1095 610 1174 saperet?
640 1094 716 1154 Tum
730 1095 827 1155 lanius
841 1096 958 1154 iocans:

133 1179 240 1250 Quale,
255 1181 368 1259 inquit,
384 1186 473 1260 caput
487 1185 548 1248 est,
565 1179 633 1239 talis
647 1184 816 1257 praestatur
830 1196 928 1257 sapor.

175 1263 310 1324 Ridicule
325 1266 421 1340 magis
434 1264 491 1325 boc
505 1263 618 1323 dictum
634 1281 723 1340 quam
736 1280 806 1322 vere
821 1265 963 1333 aestimo;

133 1345 258 1416 Quando
273 1353 304 1408 et
317 1346 463 1408 formosos
477 1365 565 1424 saepe
581 1347 681 1406 inveni
697 1348 855 1425 pessimos,

133 1430 171 1491 Et
185 1433 267 1511 turpi
281 1432 358 1492 lacie
372 1432 481 1492 multos
496 1432 620 1508 cognovi
634 1432 772 1509 optimos.

491 1583 683 1644 FABVLA
704 1583 742 1641 V.

356 1679 548 1731 AESOPVS
563 1680 619 1730 ΕἯ
637 1677 874 1732 Pleume.

177 1765 340 1827 Successus
354 1765 391 1825 ad
405 1767 573 1843 perniciem
588 1764 696 1825 multos
710 1765 841 1825 devocat.

134 1852 248 1929 Aesopo
263 1849 383 1930 quidam
398 1849 535 1928 petulans
548 1849 678 1928 lapidem
692 1851 858 1927 inpegerat.

135 1933 243 2003 Tanto,
260 1936 372 2013 inquit,
389 1933 508 1993 melior!
538 1933 640 1994 Assem
656 1933 763 1994 deiude
779 1933 822 1994 illi
838 1931 930 2002 dedit,

136 2017 185 2078 Sic
200 2026 388 2097 prosecutus:
417 2018 489 2079 Plus
502 2036 561 2078 uon
577 2017 672 2078 habeo
686 2017 866 2085 mehercule,

136 2100 211 2170 Sed,
228 2103 306 2162 unde
321 2104 457 2180 accipere
472 2104 582 2180 possis,
599 2100 770 2161 monstrabo
784 2099 852 2161 tibi.

134 2186 223 2246 Venit
237 2204 308 2245 ecce
323 2186 404 2244 dives
419 2191 450 2244 et
463 2193 582 2264 potens:
605 2184 675 2244 huic
690 2184 828 2245 similiter

69 2275 76 2283 ’
134 2269 268 2348 Impinge
283 2268 412 2347 lapidem
427 2275 457 2328 et
473 2268 595 2344 dignum
610 2269 738 2346 accipies
752 2270 930 2346 praemium.

135 2352 299 2412 Persuasus
313 2352 362 2412 ille
377 2351 464 2421 lecit,
481 2352 559 2431 quod
574 2355 705 2412 monitus
719 2352 791 2423 suit;

136 2437 194 2497 Sed
209 2454 279 2514 spes
292 2436 400 2497 fefellit
414 2436 608 2515 inpudentem
623 2436 792 2497 audaciam:

135 2520 325 2600 Conpreusus
338 2538 465 2599 namque
480 2538 591 2598 poenas
604 2519 748 2598 persolvit
762 2536 862 2580 cruce.

506 2671 699 2756 usurus
720 2671 774 2737 vr.

404 2769 566 2820 MVSOA
592 2769 653 2820 ET
680 2768 825 2821 MVLA.

175 2855 275 2916 Musca
289 2856 320 2914 in
335 2862 452 2915 temone
467 2854 545 2914 sedit
560 2861 590 2912 et
604 2854 714 2914 mulam
728 2856 903 2933 increpans:

134 2937 228 3009 Quam
243 2937 328 2999 tarda
343 2939 390 2998 es!
412 2939 525 3016 inquit,
540 2955 600 2997 non
614 2939 659 2998 vis
673 2940 763 2998 citius
777 2936 936 3018 progredil

134 3023 222 3093 Vide,
239 3041 277 3082 ne
292 3022 397 3083 dolone
412 3021 519 3082 collum
535 3039 720 3100 conpungam
734 3022 802 3083 tibi.

134 3107 300 3186 Respondit
314 3106 378 3167 illa:
408 3104 516 3167 Verbis
529 3125 590 3167 nou
604 3125 724 3167 moveor
738 3109 815 3178 tuis;

136 3190 194 3250 Sed
209 3193 299 3250 istum
313 3193 418 3261 timeo,
435 3190 506 3250 sella
521 3193 573 3269 qui
587 3193 684 3269 prima
699 3190 806 3250 sedens
891 3242 897 3251 .

134 3274 238 3352 iugum
253 3273 367 3350 flagello
383 3282 528 3354 temperat
547 3274 628 3335 leuto
643 3292 743 3334 meum

134 3357 172 3417 Et
187 3375 238 3418 ora
252 3360 347 3418 irenis
361 3362 494 3420 continet
508 3358 723 3437 spumantibus.

134 3439 321 3522 Quapropter
336 3443 420 3504 auter
433 3442 572 3504 frivolam
586 3441 792 3513 insolentiam
