2346 3840
498 207 606 262 LIBER
625 208 674 266 III.

456 398 651 460 rnnvun
672 399 713 459 Π.
800 485 802 488 ⁴

306 505 542 558 melmun
558 505 615 556 ET
632 505 858 560 menclaus·

145 605 229 668 Solet
243 624 262 667 a
279 606 427 685 despectis
441 626 496 687 par
510 609 620 668 referri
633 611 738 686 gratia.

102 692 252 764 Panthera
266 691 431 770 inprudens
445 692 516 752 olim
530 694 562 753 in
577 693 691 754 foveam
707 693 828 754 decidit.

102 775 211 837 Videre
226 783 374 853 agrestes:
398 775 449 835 alii
461 777 559 836 fustes
573 782 747 853 congerunt,

103 859 161 922 nin
176 866 302 920 onerant
315 860 408 920 saxis:
432 859 553 938 quidam
566 867 669 920 contra
683 862 812 920 miseriti

103 944 259 1004 Periturae
274 945 400 1022 quippe,
416 945 550 1022 quamvis
565 961 652 1004 nemo
666 943 810 1013 laederet,

102 1027 211 1088 Misere
226 1044 347 1106 panem,
364 1034 398 1087 ut
413 1029 576 1088 sustineret
590 1029 739 1106 spiritum.

103 1110 168 1172 Nox
182 1113 317 1172 insecuta
332 1117 392 1171 est:
415 1109 527 1171 abeunt
541 1114 639 1172 securi
655 1111 785 1181 domum.

102 1194 194 1266 Quasi
208 1196 362 1256 inventuri
377 1202 524 1255 mortuam
539 1194 695 1274 postridie.

75 1276 85 1285 ”
103 1281 141 1341 At
155 1279 220 1349 illa,
235 1280 315 1339 vires
329 1285 363 1339 ut
376 1279 484 1340 reiecit
497 1278 662 1356 languidas,

102 1362 203 1425 Veloci
218 1363 295 1423 saltu
308 1363 393 1423 lorea
407 1381 473 1424 sese
487 1363 597 1424 liberat

103 1447 141 1508 Et
154 1448 187 1509 in
201 1445 300 1509 cubile
315 1448 433 1506 concito
447 1453 588 1525 properat
607 1447 711 1523 gradu.

102 1529 210 1591 Paucis
224 1529 331 1591 diebus
345 1531 532 1609 interpositis
546 1531 687 1609 provolat,

102 1615 199 1675 Pecus
214 1614 357 1683 trucidat,
373 1615 454 1693 ipsos
467 1620 602 1693 pastores
616 1621 712 1682 necat,

103 1698 142 1759 Et
155 1705 262 1759 cuncta
275 1705 394 1759 vastans
408 1701 502 1759 saevit
515 1700 593 1759 irato
608 1700 724 1777 inpetu.

103 1780 179 1843 'l'um
194 1781 254 1842 sibi
268 1783 421 1852 timentes,
437 1785 489 1862 qui
503 1783 586 1843 ienae
601 1788 808 1862 pepercerant,

102 1864 250 1927 Damnum
263 1864 343 1926 haud
358 1875 512 1936 recusant,
529 1873 644 1927 tantum
657 1885 714 1946 pro
728 1869 789 1927 vita
803 1873 918 1944 rogant.

103 1949 221 2011 Atilia:
249 1948 372 2010 Memini
387 1952 502 2029 quime
518 1968 588 2010 saxo
602 1953 734 2029 petierit,

103 2031 161 2102 Qui
175 2051 283 2113 panem
297 2033 429 2093 dederit:
452 2050 503 2093 vos
518 2035 624 2093 timere
639 2031 791 2103 absistite;

102 2116 165 2177 Illis
180 2124 315 2178 revertor
329 2117 439 2194 hostis,
456 2119 508 2197 qui
523 2135 571 2177 me
585 2116 746 2177 laeserunt.

451 2270 644 2330 FABVLA
664 2268 721 2328 ΠΙ.

335 2367 527 2418 nnsova
543 2367 599 2418 E'I'
616 2365 835 2420 Rvsnmvs·

145 2451 206 2512 Vsu
220 2453 338 2530 peritus
352 2451 467 2512 hariolo
481 2442 613 2512 velocior

102 2535 196 2612 Vulgo
211 2553 276 2596 esse
291 2536 397 2605 lemur,
413 2552 502 2596 eausa
517 2534 644 2597 sednon
659 2536 780 2607 dicitur,

103 2617 245 2680 Notescet
258 2637 335 2698 quae
349 2637 430 2679 nunc
444 2623 575 2698 primum
589 2619 697 2680 labella
712 2637 788 2681 mea.

145 2700 273 2763 Habenti
289 2702 407 2765 cuidam
421 2720 530 2781 pecora
544 2709 727 2781 pepererunt
742 2720 812 2762 oves

103 2786 203 2863 Agnos
216 2786 346 2849 humano
361 2789 467 2866 capite.
497 2786 629 2846 Monstro
644 2788 805 2847 exterritus

102 2868 148 2931 Ad
162 2871 359 2932 consulendos
374 2874 469 2932 currit
483 2889 621 2932 maerens
635 2871 774 2933 hariolos.

102 2952 159 3013 Hic
173 2957 326 3034 pertinere
341 2954 379 3015 ad
394 2954 506 3015 domini
520 2955 682 3034 respondet
696 2961 785 3034 caput

102 3035 141 3097 Et
155 3037 349 3099 avertendum
364 3039 483 3098 victima
497 3039 674 3115 periculum.

102 3119 153 3180 llle
169 3128 270 3181 autem
285 3120 422 3181 adfirmat
436 3123 593 3199 coniugem
607 3139 673 3182 esse
689 3120 854 3183 adulteram

102 3203 142 3264 Et
155 3206 289 3266 insitivos
303 3205 466 3282 significari
481 3205 602 3277 liberos,

103 3287 164 3347 Sed
179 3291 293 3368 expiari
307 3306 394 3368 posse
409 3292 523 3351 maiore
537 3291 643 3352 hostia.
735 3314 737 3318 ·

103 3370 181 3441 Quid
196 3372 307 3432 multai
322 3372 428 3434 Variis
442 3373 588 3435 dissident
603 3376 761 3435 sententiis

103 3455 299 3536 Hominisque
314 3475 416 3518 curam
431 3474 502 3518 cura
516 3459 628 3517 maiore
643 3458 815 3535 adgravant.
