2346 3840
442 211 447 214 ·
482 188 643 244 PHAEDRI
663 189 886 245 FABVLARVM

535 356 726 415 FABVLA
748 355 829 415 XVI.

415 453 529 522 QVIS,
547 452 714 506 omwvs
732 453 787 504 Er
805 451 954 504 LVPVS.

248 537 414 599 Fraudator
429 538 564 600 homines
581 557 649 600 cum
668 539 789 599 advocat
810 555 949 617 sponsum
964 536 1118 617 inprobos,

205 622 270 683 Non
286 640 350 682 rem
366 622 524 701 expedire,
542 622 594 683 sed
609 622 718 683 malurn
735 639 843 698 augere
859 623 981 701 expetit.

247 705 338 767 Ovem
353 706 477 783 rogabat
492 724 598 767 cervus
612 706 744 767 modium
759 706 855 766 tritici
888 782 892 788 Α

204 789 287 868 Lupo
302 807 456 869 sponsore.
486 790 524 850 nt
539 790 590 852 illa
604 797 814 869 praemetuens
828 788 943 850 dolum:

115 878 118 882 ’
204 873 319 951 Rapere
334 882 422 952 atque
437 872 520 935 abire
536 891 654 954 semper
669 873 803 935 adsuevit
816 872 913 950 lupus,
1150 881 1169 931 5

204 956 249 1016 Tu
265 957 300 1017 de
316 964 477 1036 conspectu
492 958 596 1034 lugere
611 957 706 1017 veloci
720 959 839 1035 inpetu;

204 1038 259 1100 Vbi
274 1058 325 1102 vos
340 1042 509 1119 requiram,
526 1059 595 1102 curn
609 1040 674 1100 dies
689 1038 860 1101 advenerit?

527 1174 719 1234 FABVLA
740 1175 836 1234 XVH:

435 1271 548 1334 owe,
567 1271 693 1324 oms
710 1271 766 1322 Er
782 1271 931 1326 LVPVS.

246 1355 349 1416 Solent
362 1357 521 1418 mendaces
535 1358 618 1418 luere
634 1375 744 1435 poenas
758 1357 894 1419 malefici.

203 1439 403 1501 Calumniator
417 1440 455 1502 ab
471 1459 524 1501 ove
540 1458 608 1501 eum
621 1448 739 1520 peteret
752 1443 852 1510 canis,

202 1522 298 1594 Quem
311 1525 512 1586 commodasse
526 1543 633 1605 panem
648 1543 680 1585 se
695 1525 897 1594 contenderet,

203 1607 304 1685 Lupus
318 1610 426 1669 citatus
441 1610 526 1670 testis
540 1627 599 1668 non
615 1627 706 1669 unum
721 1607 809 1667 modo

204 1690 314 1750 Deberi
329 1691 418 1761 dixit,
434 1710 539 1753 verum
554 1692 717 1752 adfirmavit
732 1691 845 1752 decem.

204 1773 274 1834 Ovis
290 1774 425 1835 damnata
439 1776 512 1836 salso
526 1777 697 1835 testimonio

203 1857 287 1927 Quod
301 1875 362 1918 non
377 1857 505 1919 debebat
519 1859 615 1919 solvit.
645 1858 716 1919 Post
730 1876 840 1936 paucos
855 1858 918 1919 dies

203 1941 314 2002 Bidens
330 1943 477 2002 iacentem
490 1943 523 2003 in
537 1943 621 2003 fovea
636 1944 793 2022 conspexit
807 1942 922 2021 lupum:

203 2024 298 2095 Haec,
313 2027 427 2104 inquit,
442 2044 558 2087 merces
572 2026 685 2088 fraudis
699 2044 716 2085 a
731 2029 849 2104 superis
864 2024 960 2086 datur.

519 2175 711 2236 FABVLA
731 2175 842 2235 XVIIL

444 2273 614 2325 MVLIER
631 2272 914 2325 Parammon.

243 2358 336 2418 Nemo
350 2357 482 2419 libenter
495 2358 601 2419 recolit
615 2360 667 2438 qui
680 2359 767 2419 laesit
779 2357 888 2419 locum.

201 2442 331 2502 Instante
345 2449 432 2520 partu
446 2443 555 2522 mulier
570 2444 644 2502 actis
658 2440 812 2503 mensibus

200 2525 296 2586 llumo
311 2525 427 2586 iacebat
441 2524 558 2586 ssebiles
572 2529 701 2603 gemitus
716 2528 810 2586 ciens.

200 2609 253 2668 Vir
268 2615 313 2668 est
326 2608 474 2679 hortatus,
491 2626 599 2689 corpus
612 2610 689 2669 lecto
703 2611 862 2688 reciperet,

201 2692 282 2752 Onus
296 2700 419 2753 naturae
435 2693 541 2754 melius
556 2711 614 2773 quo
629 2694 802 2772 deponeret.

200 2774 336 2847 Minime,
352 2777 464 2855 inquit,
481 2775 533 2838 illo
547 2794 634 2854 posse
649 2777 764 2837 confido
779 2776 843 2835 loco
906 2818 909 2822 -

200 2857 308 2919 Malum
323 2861 419 2929 liniri,
435 2877 493 2938 quo
508 2867 684 2937 conceptum
699 2867 744 2920 est
758 2860 855 2919 initio.

532 2994 723 3053 FABVLA
744 2995 823 3054 XIX.

463 3090 587 3142 CANIS
605 3090 890 3144 PARTVBOENS.

240 3173 359 3235 Habent
374 3176 498 3237 insidias
513 3176 642 3237 hominis
658 3176 820 3237 blanditiae
838 3176 926 3237 mali:
954 3233 956 3238 .

199 3256 278 3328 Quas
293 3266 326 3318 ut
341 3259 468 3319 vitemus
482 3278 586 3321 versus
601 3260 729 3320 subiecti
743 3268 873 3320 monent.

241 3342 330 3402 Canis
345 3344 516 3421 parturiens
531 3362 598 3404 curn
613 3351 748 3421 rogasset
762 3343 894 3413 alteram,

199 3423 233 3482 vt
244 3426 340 3484 letum
355 3428 387 3486 in
404 3430 469 3489 eius
482 3429 602 3506 tugurio
618 3428 789 3506 deponeret,
