2346 3840
475 209 625 266 LIBERI.
648 209 683 264 11.

224 466 227 471 ,
421 391 615 452 rouval
636 391 743 450 xxxv.

335 491 500 542 MIvas
516 491 572 541 ET
590 487 831 540 commum.

144 596 200 666 Qui
214 613 246 656 so
262 596 420 655 committit
433 595 548 654 bomini
562 592 718 653 tutandum
733 589 870 670 inprobo,

102 681 220 742 Auxilia
236 679 307 739 dum
320 680 462 758 requirit,
480 678 604 738 exitium
618 678 741 736 invenit.

144 762 305 826 Columbae
319 781 409 840 saepe
424 779 492 823 cum
505 762 652 837 fugissent
664 759 790 819 miluum

101 848 141 908 Et
155 846 306 906 celeritate
321 863 437 924 pennae
451 847 595 905 vitassent
609 861 723 913 necem,

103 930 267 993 Consilium
281 937 384 1008 raptor
398 931 488 988 vertit
502 927 538 989 ad
553 927 701 989 fallaciam

101 1016 140 1076 Et
154 1031 249 1092 genus
263 1016 378 1074 inerme
392 1012 445 1074 tali
461 1012 580 1091 decepit
593 1012 673 1073 dolo:
730 1033 731 1037 ¹

102 1096 200 1168 Quare
216 1098 376 1159 sollicitum
390 1099 491 1176 potins
506 1114 609 1157 aevum
625 1096 740 1165 ducitis,

102 1181 197 1251 Quam
210 1198 312 1258 regem
327 1199 374 1241 me
389 1182 498 1241 creatis
513 1181 573 1239 icto
588 1179 717 1247 loedere,

103 1264 160 1336 Qui
175 1283 226 1325 vos
241 1264 278 1326 ab
294 1267 377 1325 omni
391 1271 470 1325 tutas
484 1271 633 1343 praestem
648 1261 778 1330 iniuriat

102 1350 172 1411 lllac
188 1348 344 1409 credentes
359 1348 481 1409 tradunt
494 1366 560 1408 sese
576 1349 683 1418 miluo;

103 1432 160 1503 Qui
174 1449 301 1509 regnum
315 1431 440 1510 adeptus
455 1433 554 1509 coepit
566 1433 647 1492 vesci
660 1431 794 1507 singulas

102 1517 141 1577 Et
156 1532 298 1576 exercere
313 1517 463 1593 inperium
478 1517 574 1574 saevis
589 1514 747 1591 unguibus.

103 1599 188 1660 Tunc
203 1599 240 1660 de
255 1598 377 1659 relicuis
392 1616 466 1659 una:
495 1596 601 1658 Merito
617 1598 786 1677 plectimur.

369 2031 516 2092 LIBER
544 2029 801 2091 SECVNDVS.

347 2170 349 2174 ¹
495 2179 676 2232 Avcrom.

105 2284 257 2364 Exemplis
272 2285 442 2345 continetur
457 2284 565 2361 Aesopi
581 2301 691 2359 genus:

106 2369 169 2430 Nec
184 2367 264 2430 aliud
278 2370 437 2447 quicquam
453 2384 508 2445 per
522 2366 645 2427 fabellas
661 2368 822 2445 quaeritur,

106 2453 200 2523 Quam
215 2453 383 2528 corrigatur
399 2468 484 2510 error
498 2457 532 2509 ut
546 2449 715 2510 mortalium

107 2539 258 2614 Acuatque
273 2553 340 2597 sese
356 2535 482 2611 diligens
496 2533 655 2594 industria.

107 2618 292 2698 Quicumque
308 2620 400 2678 luerit
415 2635 486 2694 ergo
500 2618 642 2678 narrandi
658 2621 750 2687 iocus,

107 2704 185 2764 Dum
200 2703 297 2781 capiat
311 2717 412 2762 aurem
428 2709 459 2760 ct
472 2708 571 2761 servet
584 2703 771 2779 propositum
786 2719 879 2761 suum.

108 2787 152 2847 Re
167 2786 403 2870 commendatur,
419 2803 479 2845 non
494 2786 623 2845 auctoris
637 2785 768 2846 nomine.

109 2871 255 2950 Equidem
270 2873 352 2930 omni
367 2887 438 2930 cura
452 2886 566 2929 morem
581 2869 705 2930 servabo
722 2870 817 2939 sonis:

111 2955 168 3014 Sed
184 2956 210 3014 si
225 2953 348 3017 libuerit
363 2953 474 3031 aliquid
489 2955 690 3031 interponere,
806 2991 811 3002 ·

110 3039 264 3097 Dictorum
279 3055 384 3097 sensus
399 3044 432 3095 ut
447 3035 574 3095 delectet
588 3039 724 3104 varietas,

111 3121 207 3182 Bonas
222 3121 254 3181 in
269 3127 384 3200 partes,
400 3119 505 3189 lector,
526 3120 655 3197 accipias
669 3119 766 3188 velim,

72 3278 81 3292 ι
111 3204 171 3273 lta,
187 3207 214 3266 si
228 3203 373 3283 rependet
387 3203 468 3264 illam
482 3201 612 3263 brevitas
627 3204 763 3279 gratiam.

113 3289 203 3348 Cuius
217 3288 342 3350 verbosa
356 3305 394 3348 ne
410 3289 450 3347 sit
464 3286 689 3356 commendatio,

112 3371 253 3440 ridendo,
270 3390 325 3432 cur
338 3389 447 3448 negare
463 3372 579 3450 cupidis
595 3369 713 3442 debeas,

116 3455 255 3517 llodcstis
271 3458 359 3517 etiam
374 3455 496 3526 ollcrre,
512 3454 591 3535 quod
605 3472 665 3514 non
682 3457 834 3535 petierint.
