2346 3840
107 163 150 228 40
232 190 235 197 ·
385 169 547 225 PHAEDRI
567 171 792 228 FABVLARVM

108 319 194 380 Vetat
208 319 319 380 dimitti
334 337 459 398 magnus
472 319 538 381 illos
552 319 698 399 Iuppiter.

108 403 207 464 llirati
221 401 281 464 sihi
295 403 409 481 legatos
422 421 483 464 non
497 406 652 474 revertier,
1172 451 1173 484 3

108 487 208 566 Turpe
224 489 416 548 aestimantes
430 487 543 567 aliquid
558 490 748 548 commissum
764 508 781 549 a
795 491 867 560 suis,
1036 497 1071 552 11

107 571 178 631 Post
193 570 312 651 aliquod
327 578 446 650 tempus
460 571 533 632 alios
548 571 678 632 adscribi
692 571 808 634 iubent.

106 655 219 715 Rumor
233 654 345 733 legatos
358 657 529 734 superiores
542 655 685 734 prodidit.

107 739 261 799 'limentes
274 756 379 799 rursus
393 738 506 818 aliquid
520 757 557 799 na
573 739 671 800 simile
686 740 811 811 accidat,

51 828 53 833 '
107 822 204 884 Odore
219 822 344 884 canibus
359 841 463 894 anum,
479 823 532 883 sed
545 823 653 894 multo,
668 824 794 902 replent.

105 906 241 969 Mandata
256 907 341 968 dant:
363 905 454 985 legati
469 909 643 977 mittuntur,
659 909 760 968 stotim
1032 916 1070 968 20

105 989 233 1053 Abeunt.
262 989 412 1068 Rogantes
427 989 539 1051 aditum
555 992 695 1051 continuo
709 993 870 1069 inpetrant.

106 1075 247 1137 Consedit
261 1077 379 1152 genitor
392 1082 456 1136 tum
471 1072 595 1135 deorum
609 1077 756 1136 maximus

105 1157 289 1237 Quassatque
304 1159 431 1218 lulmen:
454 1165 584 1219 tremere
599 1177 725 1238 coepere
741 1161 848 1220 omnia.

105 1243 199 1304 Canes
215 1241 346 1312 confusi,
362 1241 480 1303 subitus
494 1241 573 1321 quod
587 1244 686 1303 fuerat
700 1243 810 1320 fragor,

104 1326 238 1405 Repente
253 1325 376 1386 odorem
390 1328 516 1386 mixtum
531 1343 599 1386 cum
614 1326 726 1387 merdis
741 1333 854 1387 cacant.

104 1409 277 1470 Reclamant
291 1427 408 1479 omnes,
424 1409 631 1470 vindicandam
645 1412 800 1472 iniuriam.

105 1494 155 1554 Sic
170 1502 215 1555 est
228 1494 344 1554 locutus
358 1499 426 1555 ante
440 1511 565 1573 poenam
579 1493 729 1573 luppiter:

102 1577 229 1655 Legatos
243 1595 303 1639 non
319 1585 364 1639 est
378 1580 459 1655 regis
473 1595 533 1638 non
548 1578 709 1648 dimittere,

103 1662 164 1723 Nec
179 1669 225 1723 est
239 1662 360 1721 difficile
375 1679 485 1741 poenas
502 1662 605 1739 culpae
620 1665 781 1741 inponere;

104 1745 163 1806 Sed
178 1746 235 1804 hoc
249 1747 354 1805 teretis
367 1763 423 1823 pro
438 1744 551 1805 iudicio
565 1747 748 1823 praemium:

103 1828 169 1889 Non
183 1836 250 1889 veto
265 1827 390 1899 dimitti,
406 1845 509 1888 verum
525 1830 654 1889 cruciari
671 1829 758 1899 lame,

102 1912 146 1973 Ne
161 1919 296 1973 ventrem
312 1913 466 1972 continere
481 1929 540 1971 non
554 1915 671 1991 possint
685 1931 781 1975 suum.

102 1995 148 2057 llli
163 2003 276 2066 autem,
292 1997 344 2075 qui
358 1997 506 2057 miserunt
518 2015 571 2058 vos
585 2004 646 2058 tam
660 1997 769 2067 sutiles,

101 2080 268 2160 Numquam
283 2079 427 2141 carebunt
443 2081 572 2141 hominis
586 2081 773 2142 contumelia.

105 2162 162 2242 [lta
177 2182 256 2225 nunc
270 2164 383 2240 legatos
397 2170 602 2242 exspectantes
615 2165 736 2243 posteri.

101 2247 215 2308 Novum
230 2250 332 2307 venire
347 2248 399 2325 qui
413 2247 508 2316 videt,
525 2247 623 2307 culum
638 2245 763 2327 olfacit]

437 2397 628 2460 FABVLA
649 2400 729 2459 XlX.

213 2496 413 2550 smnus,
448 2496 760 2548 memmconma
776 2496 949 2554 noem

143 2581 200 2652 Qui
215 2583 275 2643 lert
289 2583 375 2644 malis
390 2582 545 2651 auxilium,
561 2588 628 2660 post
641 2587 759 2663 tempus
774 2582 861 2644 dolet

101 2666 174 2728 Gelu
189 2666 335 2744 rigentem
349 2667 470 2747 quidam
485 2663 639 2726 colubram
654 2665 774 2727 sustulit

101 2751 233 2829 Sinuque
247 2751 334 2820 fovit,
350 2758 453 2811 contra
467 2768 499 2811 se
515 2752 580 2828 ipse
595 2751 782 2822 misericors;

99 2834 232 2914 Namque
248 2841 281 2895 ut
295 2835 408 2895 relecta
423 2840 484 2903 est,
500 2834 603 2894 necuit
617 2834 768 2894 hominem
782 2835 926 2913 protinus

99 2917 181 2978 Hanc
197 2917 252 2978 alia
268 2935 336 2978 cum
350 2923 471 2994 rogaret
485 2934 604 2978 causam
619 2917 769 2987 facinoris,
1044 2927 1066 2982 s

98 2999 279 3081 Respondit:
309 3000 424 3081 Nequis
439 3001 534 3062 discat
547 3000 690 3080 prodesse
706 3001 852 3081 inprobis.

441 3153 633 3214 FABVLA
653 3154 718 3214 XX.

344 3251 532 3304 VVLPES
558 3250 617 3304 ΕΤ
642 3251 812 3303 DRACO.

138 3336 262 3416 Vulpes,
279 3337 378 3398 cubile
393 3338 523 3407 lodiens,
540 3337 610 3396 dum
625 3342 736 3397 terram
750 3337 828 3397 eruit

98 3421 223 3502 Agitque
238 3421 340 3502 plures
354 3421 443 3483 altius
458 3420 619 3491 cuniculos
